<?xml version="1.0" encoding="UTF-8"?>
<!DOCTYPE html PUBLIC "-//W3C//DTD XHTML 1.0 Transitional//EN"
    "http://www.w3.org/TR/xhtml1/DTD/xhtml1-transitional.dtd">
<html xmlns="http://www.w3.org/1999/xhtml" xml:lang="en" lang="en">
 <head>
  <title>
</title>
<meta http-equiv="Content-Type" content="text/html;charset=utf-8" />
  <meta name='ocr-system' content='tesseract 3.04.00' />
  <meta name='ocr-capabilities' content='ocr_page ocr_carea ocr_par ocr_line ocrx_word'/>
</head>
<body>
  <div class='ocr_page' id='page_1' title='image "./operavarietatel01virggoog_0103.png"; bbox 0 0 3475 6234; ppageno 0'>
   <div class='ocr_carea' id='block_1_1' title="bbox 545 784 1361 957">
    <p class='ocr_par' dir='ltr' id='par_1_1' title="bbox 545 784 1361 957">
     <span class='ocr_line' id='line_1_1' title="bbox 545 784 1361 957; baseline -0.006 -30"><span class='ocrx_word' id='word_1_1' title='bbox 545 844 867 938; x_wconf 67' lang='lat' dir='ltr'>ranarum,</span> <span class='ocrx_word' id='word_1_2' title='bbox 916 841 1159 922; x_wconf 67' lang='lat' dir='ltr'>muru.</span> <span class='ocrx_word' id='word_1_3' title='bbox 1297 784 1361 957; x_wconf 74' lang='lat'>¹95</span> 
     </span>
    </p>
   </div>
   <div class='ocr_carea' id='block_1_2' title="bbox 373 1045 1364 1424">
    <p class='ocr_par' dir='ltr' id='par_1_2' title="bbox 373 1045 1364 1424">
     <span class='ocr_line' id='line_1_2' title="bbox 373 1045 1363 1146; baseline -0.01 -12"><span class='ocrx_word' id='word_1_4' title='bbox 373 1054 534 1134; x_wconf 78' lang='lat' dir='ltr'>loricam</span> <span class='ocrx_word' id='word_1_5' title='bbox 553 1051 717 1128; x_wconf 87' lang='lat' dir='ltr'>induitur</span> <span class='ocrx_word' id='word_1_6' title='bbox 733 1049 879 1146; x_wconf 87' lang='lat' dir='ltr'>fidoque</span> <span class='ocrx_word' id='word_1_7' title='bbox 895 1045 1104 1144; x_wconf 82' lang='lat' dir='ltr'>adcingitur</span> <span class='ocrx_word' id='word_1_8' title='bbox 1121 1046 1214 1123; x_wconf 87' lang='lat' dir='ltr'>ense.</span> <span class='ocrx_word' id='word_1_9' title='bbox 1291 1051 1363 1145; x_wconf 80' lang='lat'>640</span> 
     </span>
     <span class='ocr_line' id='line_1_3' title="bbox 419 1184 1364 1280; baseline -0.004 -16"><span class='ocrx_word' id='word_1_10' title='bbox 419 1191 572 1267; x_wconf 76' lang='lat' dir='ltr'>Pandite</span> <span class='ocrx_word' id='word_1_11' title='bbox 585 1213 682 1262; x_wconf 91' lang='lat' dir='ltr'>nunc</span> <span class='ocrx_word' id='word_1_12' title='bbox 694 1187 887 1273; x_wconf 87' lang='lat' dir='ltr'>Helicona,</span> <span class='ocrx_word' id='word_1_13' title='bbox 899 1184 989 1269; x_wconf 86' lang='lat' dir='ltr'>deae,</span> <span class='ocrx_word' id='word_1_14' title='bbox 1004 1184 1197 1280; x_wconf 88' lang='lat' dir='ltr'>cantusque</span> <span class='ocrx_word' id='word_1_15' title='bbox 1210 1205 1364 1277; x_wconf 88' lang='lat' dir='ltr'>movete,</span> 
     </span>
     <span class='ocr_line' id='line_1_4' title="bbox 376 1317 1266 1424; baseline -0.002 -28"><span class='ocrx_word' id='word_1_16' title='bbox 376 1325 448 1424; x_wconf 80' lang='lat' dir='ltr'>Qi</span> <span class='ocrx_word' id='word_1_17' title='bbox 463 1322 560 1395; x_wconf 86' lang='lat' dir='ltr'>bello</span> <span class='ocrx_word' id='word_1_18' title='bbox 575 1319 689 1393; x_wconf 82' lang='lat' dir='ltr'>exciti</span> <span class='ocrx_word' id='word_1_19' title='bbox 704 1343 816 1418; x_wconf 85' lang='lat' dir='ltr'>reges,</span> <span class='ocrx_word' id='word_1_20' title='bbox 842 1339 925 1415; x_wconf 84' lang='lat' dir='ltr'>quae</span> <span class='ocrx_word' id='word_1_21' title='bbox 941 1340 1122 1414; x_wconf 88' lang='lat' dir='ltr'>quemque</span> <span class='ocrx_word' id='word_1_22' title='bbox 1136 1317 1266 1394; x_wconf 81' lang='lat' dir='ltr'>secuta:</span> 
     </span>
    </p>
   </div>
   <div class='ocr_carea' id='block_1_3' title="bbox 378 1534 1402 2068">
    <p class='ocr_par' dir='ltr' id='par_1_3' title="bbox 378 1534 1402 2068">
     <span class='ocr_line' id='line_1_5' title="bbox 408 1534 1365 1609; baseline 0.002 -22"><span class='ocrx_word' id='word_1_23' title='bbox 408 1539 462 1597; x_wconf 73' lang='lat' dir='ltr'>dao</span> <span class='ocrx_word' id='word_1_24' title='bbox 478 1540 555 1586; x_wconf 74' lang='lat' dir='ltr'>Lm&#39;ca</span> <span class='ocrx_word' id='word_1_25' title='bbox 567 1535 767 1594; x_wconf 65' lang='lat' dir='ltr'>non—⁶41.</span> <span class='ocrx_word' id='word_1_26' title='bbox 790 1547 865 1584; x_wconf 71' lang='lat' dir='ltr'>umere</span> <span class='ocrx_word' id='word_1_27' title='bbox 887 1550 977 1600; x_wconf 83' lang='lat' dir='ltr'>magna</span> <span class='ocrx_word' id='word_1_28' title='bbox 999 1534 1068 1609; x_wconf 87' lang='lat' dir='ltr'>codd.</span> <span class='ocrx_word' id='word_1_29' title='bbox 1087 1550 1150 1602; x_wconf 79' lang='lat' dir='ltr'>part,</span> <span class='ocrx_word' id='word_1_30' title='bbox 1167 1547 1194 1586; x_wconf 92' lang='lat' dir='ltr'>ut</span> <span class='ocrx_word' id='word_1_31' title='bbox 1206 1536 1275 1598; x_wconf 82' lang='lat' dir='ltr'>solet,</span> <span class='ocrx_word' id='word_1_32' title='bbox 1289 1538 1365 1590; x_wconf 86' lang='lat' dir='ltr'>etiam</span> 
     </span>
     <span class='ocr_line' id='line_1_6' title="bbox 378 1613 1366 1683; baseline 0 -16"><span class='ocrx_word' id='word_1_33' title='bbox 378 1619 478 1676; x_wconf 72' lang='grc' dir='ltr'><strong>θσνίηι,</strong></span> <span class='ocrx_word' id='word_1_34' title='bbox 493 1632 518 1668; x_wconf 86' lang='lat' dir='ltr'>et</span> <span class='ocrx_word' id='word_1_35' title='bbox 526 1631 572 1683; x_wconf 86' lang='lat' dir='ltr'>pro</span> <span class='ocrx_word' id='word_1_36' title='bbox 583 1615 754 1666; x_wconf 81' lang='lat' dir='ltr'>emendatione</span> <span class='ocrx_word' id='word_1_37' title='bbox 766 1614 855 1680; x_wconf 73' lang='lat' dir='ltr'>fragm.</span> <span class='ocrx_word' id='word_1_38' title='bbox 867 1616 948 1665; x_wconf 82' lang='lat' dir='ltr'>Varie.</span> <span class='ocrx_word' id='word_1_39' title='bbox 981 1613 1094 1664; x_wconf 77' lang='lat' dir='ltr'>Heinfiua</span> <span class='ocrx_word' id='word_1_40' title='bbox 1100 1615 1251 1681; x_wconf 83' lang='lat' dir='ltr'>conjiciebat,</span> <span class='ocrx_word' id='word_1_41' title='bbox 1266 1629 1366 1683; x_wconf 77' lang='lat' dir='ltr'>cantuque</span> 
     </span>
     <span class='ocr_line' id='line_1_7' title="bbox 379 1691 1366 1757; baseline 0.006 -18"><span class='ocrx_word' id='word_1_42' title='bbox 379 1708 458 1752; x_wconf 65' lang='lat' dir='ltr'>muare,</span> <span class='ocrx_word' id='word_1_43' title='bbox 472 1711 502 1744; x_wconf 88' lang='lat' dir='ltr'>ne</span> <span class='ocrx_word' id='word_1_44' title='bbox 514 1694 552 1742; x_wconf 76' lang='lat' dir='ltr'>bis</span> <span class='ocrx_word' id='word_1_45' title='bbox 558 1693 626 1741; x_wconf 86' lang='lat' dir='ltr'>idem</span> <span class='ocrx_word' id='word_1_46' title='bbox 635 1692 716 1741; x_wconf 82' lang='lat' dir='ltr'>uersus</span> <span class='ocrx_word' id='word_1_47' title='bbox 727 1705 878 1751; x_wconf 56' lang='lat' dir='ltr'>occurrerem</span> <span class='ocrx_word' id='word_1_48' title='bbox 895 1708 953 1740; x_wconf 88' lang='lat' dir='ltr'>nam</span> <span class='ocrx_word' id='word_1_49' title='bbox 964 1691 1053 1757; x_wconf 80' lang='lat' dir='ltr'>legitur</span> <span class='ocrx_word' id='word_1_50' title='bbox 1068 1691 1108 1740; x_wconf 91' lang='lat' dir='ltr'>ille</span> <span class='ocrx_word' id='word_1_51' title='bbox 1119 1693 1222 1743; x_wconf 88' lang='lat' dir='ltr'>totidem</span> <span class='ocrx_word' id='word_1_52' title='bbox 1231 1696 1310 1744; x_wconf 77' lang='lat' dir='ltr'>verbis</span> <span class='ocrx_word' id='word_1_53' title='bbox 1321 1697 1366 1745; x_wconf 88' lang='lat' dir='ltr'>lib.</span> 
     </span>
     <span class='ocr_line' id='line_1_8' title="bbox 379 1767 1367 1833; baseline 0.004 -15"><span class='ocrx_word' id='word_1_54' title='bbox 379 1770 411 1830; x_wconf 79' lang='lat' dir='ltr'>X,</span> <span class='ocrx_word' id='word_1_55' title='bbox 425 1771 480 1833; x_wconf 76' lang='lat'>163.</span> <span class='ocrx_word' id='word_1_56' title='bbox 497 1773 536 1818; x_wconf 83' lang='lat' dir='ltr'>At</span> <span class='ocrx_word' id='word_1_57' title='bbox 543 1786 602 1818; x_wconf 75' lang='lat' dir='ltr'>vero</span> <span class='ocrx_word' id='word_1_58' title='bbox 613 1780 675 1833; x_wconf 74' lang='lat' dir='ltr'>qarot</span> <span class='ocrx_word' id='word_1_59' title='bbox 682 1767 762 1816; x_wconf 76' lang='lat' dir='ltr'>versut</span> <span class='ocrx_word' id='word_1_60' title='bbox 774 1768 798 1816; x_wconf 88' lang='lat' dir='ltr'>in</span> <span class='ocrx_word' id='word_1_61' title='bbox 810 1767 918 1832; x_wconf 79' lang='lat' dir='ltr'>Virgilio</span> <span class='ocrx_word' id='word_1_62' title='bbox 932 1779 957 1816; x_wconf 84' lang='lat' dir='ltr'>ct</span> <span class='ocrx_word' id='word_1_63' title='bbox 967 1768 992 1823; x_wconf 77' lang='lat' dir='ltr'>in</span> <span class='ocrx_word' id='word_1_64' title='bbox 1002 1769 1112 1817; x_wconf 83' lang='lat' dir='ltr'>Homero</span> <span class='ocrx_word' id='word_1_65' title='bbox 1122 1768 1197 1819; x_wconf 74' lang='lat' dir='ltr'>client</span> <span class='ocrx_word' id='word_1_66' title='bbox 1208 1773 1329 1832; x_wconf 86' lang='lat' dir='ltr'>mutandi,</span> <span class='ocrx_word' id='word_1_67' title='bbox 1347 1770 1367 1822; x_wconf 81' lang='lat' dir='ltr'>st</span> 
     </span>
     <span class='ocr_line' id='line_1_9' title="bbox 380 1834 1366 1914; baseline 0 -17"><span class='ocrx_word' id='word_1_68' title='bbox 380 1845 421 1896; x_wconf 81' lang='lat' dir='ltr'>hee</span> <span class='ocrx_word' id='word_1_69' title='bbox 434 1847 501 1912; x_wconf 78' lang='lat' dir='ltr'>sequi</span> <span class='ocrx_word' id='word_1_70' title='bbox 523 1841 775 1900; x_wconf 50' lang='lat' dir='ltr'>vellemne—642.</span> <span class='ocrx_word' id='word_1_71' title='bbox 799 1848 860 1891; x_wconf 77' lang='lat' dir='ltr'>acciri</span> <span class='ocrx_word' id='word_1_72' title='bbox 879 1845 973 1891; x_wconf 88' lang='lat' dir='ltr'>Medic.</span> <span class='ocrx_word' id='word_1_73' title='bbox 994 1844 1076 1893; x_wconf 87' lang='lat' dir='ltr'>Colot·</span> <span class='ocrx_word' id='word_1_74' title='bbox 1095 1857 1119 1894; x_wconf 90' lang='lat' dir='ltr'>et</span> <span class='ocrx_word' id='word_1_75' title='bbox 1137 1847 1220 1895; x_wconf 80' lang='lat' dir='ltr'>Burin.</span> <span class='ocrx_word' id='word_1_76' title='bbox 1237 1834 1366 1914; x_wconf 73' lang='lat' dir='ltr'>Eaceipta.</span> 
     </span>
     <span class='ocr_line' id='line_1_10' title="bbox 381 1918 1402 1993; baseline 0.001 -20"><span class='ocrx_word' id='word_1_77' title='bbox 381 1923 614 1975; x_wconf 70' lang='lat' dir='ltr'>Alterumdoffiust</span> <span class='ocrx_word' id='word_1_78' title='bbox 641 1925 716 1981; x_wconf 72' lang='lat' dir='ltr'>exciti3</span> <span class='ocrx_word' id='word_1_79' title='bbox 739 1923 833 1982; x_wconf 79' lang='lat' dir='ltr'>rabello,</span> <span class='ocrx_word' id='word_1_80' title='bbox 848 1920 879 1970; x_wconf 74' lang='lat' dir='ltr'>atl</span> <span class='ocrx_word' id='word_1_81' title='bbox 898 1920 996 1971; x_wconf 84' lang='lat' dir='ltr'>bellum.</span> <span class='ocrx_word' id='word_1_82' title='bbox 1028 1940 1161 1988; x_wconf 57' lang='lat' dir='ltr'>quemcunque</span> <span class='ocrx_word' id='word_1_83' title='bbox 1173 1925 1236 1975; x_wconf 84' lang='lat' dir='ltr'>Gud.</span> <span class='ocrx_word' id='word_1_84' title='bbox 1250 1941 1265 1973; x_wconf 74' lang='lat' dir='ltr'>a</span> <span class='ocrx_word' id='word_1_85' title='bbox 1278 1942 1313 1975; x_wconf 80' lang='lat' dir='ltr'>m.</span> <span class='ocrx_word' id='word_1_86' title='bbox 1325 1943 1365 1993; x_wconf 82' lang='lat' dir='ltr'>pr.</span> <span class='ocrx_word' id='word_1_87' title='bbox 1399 1918 1402 1924; x_wconf 31' lang='grc' dir='ltr'>Ι</span> 
     </span>
     <span class='ocr_line' id='line_1_11' title="bbox 381 1998 642 2068; baseline -0.023 -16"><span class='ocrx_word' id='word_1_88' title='bbox 381 2022 430 2068; x_wconf 66' lang='grc' dir='ltr'>μ</span> <span class='ocrx_word' id='word_1_89' title='bbox 437 2021 525 2068; x_wconf 70' lang='lat' dir='ltr'>quaque</span> <span class='ocrx_word' id='word_1_90' title='bbox 535 1998 642 2048; x_wconf 82' lang='lat' dir='ltr'>Dorvill.</span> 
     </span>
    </p>
   </div>
   <div class='ocr_carea' id='block_1_4' title="bbox 383 2179 1430 4740">
    <p class='ocr_par' dir='ltr' id='par_1_4' title="bbox 383 2179 1430 4740">
     <span class='ocr_line' id='line_1_12' title="bbox 416 2179 1366 2259; baseline 0.003 -18"><span class='ocrx_word' id='word_1_91' title='bbox 416 2184 469 2259; x_wconf 79' lang='lat'>641</span> <span class='ocrx_word' id='word_1_92' title='bbox 495 2182 557 2259; x_wconf 81' lang='lat' dir='ltr'>sqq.</span> <span class='ocrx_word' id='word_1_93' title='bbox 596 2179 848 2247; x_wconf 86' lang='lat' dir='ltr'>Enumerationem,</span> <span class='ocrx_word' id='word_1_94' title='bbox 894 2181 996 2240; x_wconf 82' lang='lat' dir='ltr'>avitam</span> <span class='ocrx_word' id='word_1_95' title='bbox 1040 2181 1176 2258; x_wconf 87' lang='lat' dir='ltr'>pertinere</span> <span class='ocrx_word' id='word_1_96' title='bbox 1215 2180 1366 2256; x_wconf 75' lang='lat' dir='ltr'>videretur,</span> 
     </span>
     <span class='ocr_line' id='line_1_13' title="bbox 383 2256 1365 2350; baseline 0.006 -34"><span class='ocrx_word' id='word_1_97' title='bbox 383 2280 437 2350; x_wconf 75' lang='lat' dir='ltr'>qua</span> <span class='ocrx_word' id='word_1_98' title='bbox 460 2259 592 2336; x_wconf 78' lang='lat' dir='ltr'>sequitur,</span> <span class='ocrx_word' id='word_1_99' title='bbox 614 2257 753 2335; x_wconf 89' lang='lat' dir='ltr'>copiarum</span> <span class='ocrx_word' id='word_1_100' title='bbox 774 2256 849 2315; x_wconf 88' lang='lat' dir='ltr'>Lati·</span> <span class='ocrx_word' id='word_1_101' title='bbox 897 2261 982 2317; x_wconf 90' lang='lat' dir='ltr'>rnulra</span> <span class='ocrx_word' id='word_1_102' title='bbox 993 2257 1131 2317; x_wconf 87' lang='lat' dir='ltr'>Homerus</span> <span class='ocrx_word' id='word_1_103' title='bbox 1144 2256 1365 2338; x_wconf 78' lang='lat' dir='ltr'>simpliciterne·</span> 
     </span>
     <span class='ocr_line' id='line_1_14' title="bbox 384 2335 1368 2414; baseline 0.004 -19"><span class='ocrx_word' id='word_1_104' title='bbox 384 2357 475 2395; x_wconf 86' lang='lat' dir='ltr'>uarum</span> <span class='ocrx_word' id='word_1_105' title='bbox 488 2335 546 2414; x_wconf 85' lang='lat' dir='ltr'>ipsa</span> <span class='ocrx_word' id='word_1_106' title='bbox 567 2355 656 2394; x_wconf 89' lang='lat' dir='ltr'>rerum</span> <span class='ocrx_word' id='word_1_107' title='bbox 678 2336 748 2392; x_wconf 88' lang='lat' dir='ltr'>ratio</span> <span class='ocrx_word' id='word_1_108' title='bbox 760 2342 848 2413; x_wconf 69' lang='lat' dir='ltr'>poetae</span> <span class='ocrx_word' id='word_1_109' title='bbox 898 2335 973 2394; x_wconf 89' lang='lat' dir='ltr'>mine</span> <span class='ocrx_word' id='word_1_110' title='bbox 1010 2335 1152 2413; x_wconf 75' lang='lat' dir='ltr'>designare</span> <span class='ocrx_word' id='word_1_111' title='bbox 1179 2337 1279 2414; x_wconf 82' lang='lat' dir='ltr'>potuit.</span> <span class='ocrx_word' id='word_1_112' title='bbox 1325 2343 1368 2400; x_wconf 82' lang='lat' dir='ltr'>At</span> 
     </span>
     <span class='ocr_line' id='line_1_15' title="bbox 384 2411 1365 2504; baseline 0.004 -32"><span class='ocrx_word' id='word_1_113' title='bbox 384 2413 494 2504; x_wconf 65' lang='lat' dir='ltr'>iugario</span> <span class='ocrx_word' id='word_1_114' title='bbox 522 2412 643 2490; x_wconf 84' lang='lat' dir='ltr'>objicere</span> <span class='ocrx_word' id='word_1_115' title='bbox 668 2411 764 2470; x_wconf 90' lang='lat' dir='ltr'>debuit</span> <span class='ocrx_word' id='word_1_116' title='bbox 772 2437 781 2482; x_wconf 66' lang='grc' dir='ltr'><strong>ς</strong></span> <span class='ocrx_word' id='word_1_117' title='bbox 816 2433 849 2471; x_wconf 88' lang='lat' dir='ltr'>ea</span> <span class='ocrx_word' id='word_1_118' title='bbox 900 2412 977 2471; x_wconf 88' lang='lat' dir='ltr'>Latii</span> <span class='ocrx_word' id='word_1_119' title='bbox 991 2412 1070 2470; x_wconf 78' lang='lat' dir='ltr'>urbes</span> <span class='ocrx_word' id='word_1_120' title='bbox 1091 2414 1224 2490; x_wconf 69' lang='lat' dir='ltr'>pleraeque</span> <span class='ocrx_word' id='word_1_121' title='bbox 1247 2429 1294 2473; x_wconf 86' lang='lat' dir='ltr'>aut</span> <span class='ocrx_word' id='word_1_122' title='bbox 1307 2415 1365 2477; x_wconf 89' lang='lat' dir='ltr'>solo</span> 
     </span>
     <span class='ocr_line' id='line_1_16' title="bbox 384 2491 1368 2572; baseline -0.004 -22"><span class='ocrx_word' id='word_1_123' title='bbox 384 2512 467 2558; x_wconf 79' lang='lat' dir='ltr'>enim,</span> <span class='ocrx_word' id='word_1_124' title='bbox 486 2511 548 2568; x_wconf 84' lang='lat' dir='ltr'>quae</span> <span class='ocrx_word' id='word_1_125' title='bbox 561 2491 699 2569; x_wconf 81' lang='lat' dir='ltr'>figillatim</span> <span class='ocrx_word' id='word_1_126' title='bbox 710 2509 849 2568; x_wconf 83' lang='lat' dir='ltr'>exponun·</span> <span class='ocrx_word' id='word_1_127' title='bbox 898 2507 975 2548; x_wconf 85' lang='lat' dir='ltr'>erant</span> <span class='ocrx_word' id='word_1_128' title='bbox 987 2505 1097 2568; x_wconf 74' lang='lat' dir='ltr'>aquata</span> <span class='ocrx_word' id='word_1_129' title='bbox 1106 2505 1152 2548; x_wconf 90' lang='lat' dir='ltr'>aut</span> <span class='ocrx_word' id='word_1_130' title='bbox 1162 2491 1368 2572; x_wconf 85' lang='lat' dir='ltr'>antiquosplen.</span> 
     </span>
     <span class='ocr_line' id='line_1_17' title="bbox 384 2566 1368 2651; baseline 0.004 -25"><span class='ocrx_word' id='word_1_131' title='bbox 384 2585 437 2637; x_wconf 91' lang='lat' dir='ltr'>tur,</span> <span class='ocrx_word' id='word_1_132' title='bbox 463 2569 553 2626; x_wconf 87' lang='lat' dir='ltr'>multo</span> <span class='ocrx_word' id='word_1_133' title='bbox 579 2571 706 2645; x_wconf 85' lang='lat' dir='ltr'>majorem</span> <span class='ocrx_word' id='word_1_134' title='bbox 727 2567 850 2625; x_wconf 82' lang='lat' dir='ltr'>miratio-</span> <span class='ocrx_word' id='word_1_135' title='bbox 899 2566 1143 2626; x_wconf 81' lang='lat' dir='ltr'>doreeaciderant.</span> <span class='ocrx_word' id='word_1_136' title='bbox 1183 2568 1296 2629; x_wconf 84' lang='lat' dir='ltr'>Necelle</span> <span class='ocrx_word' id='word_1_137' title='bbox 1312 2571 1368 2651; x_wconf 78' lang='lat' dir='ltr'>igi-</span> 
     </span>
     <span class='ocr_line' id='line_1_18' title="bbox 385 2644 1369 2724; baseline 0.004 -20"><span class='ocrx_word' id='word_1_138' title='bbox 385 2645 574 2716; x_wconf 82' lang='lat' dir='ltr'>nernfaciunt,</span> <span class='ocrx_word' id='word_1_139' title='bbox 592 2665 673 2722; x_wconf 91' lang='lat' dir='ltr'>quam</span> <span class='ocrx_word' id='word_1_140' title='bbox 697 2644 782 2701; x_wconf 85' lang='lat' dir='ltr'>lisub</span> <span class='ocrx_word' id='word_1_141' title='bbox 795 2663 851 2703; x_wconf 94' lang='lat' dir='ltr'>uno</span> <span class='ocrx_word' id='word_1_142' title='bbox 900 2660 946 2702; x_wconf 91' lang='lat' dir='ltr'>tur</span> <span class='ocrx_word' id='word_1_143' title='bbox 970 2644 1024 2703; x_wconf 76' lang='lat' dir='ltr'>fuit</span> <span class='ocrx_word' id='word_1_144' title='bbox 1046 2651 1133 2724; x_wconf 68' lang='lat' dir='ltr'>poeta</span> <span class='ocrx_word' id='word_1_145' title='bbox 1155 2665 1369 2709; x_wconf 87' lang='lat' dir='ltr'>commemorare</span> 
     </span>
     <span class='ocr_line' id='line_1_19' title="bbox 387 2721 1368 2800; baseline 0.004 -19"><span class='ocrx_word' id='word_1_146' title='bbox 387 2721 851 2800; x_wconf 77' lang='lat' dir='ltr'>numeroquamvisgrandiefferan·</span> <span class='ocrx_word' id='word_1_147' title='bbox 899 2741 998 2799; x_wconf 87' lang='lat' dir='ltr'>paucas</span> <span class='ocrx_word' id='word_1_148' title='bbox 1023 2739 1050 2780; x_wconf 87' lang='lat' dir='ltr'>et</span> <span class='ocrx_word' id='word_1_149' title='bbox 1074 2725 1265 2783; x_wconf 88' lang='lat' dir='ltr'>commendare</span> <span class='ocrx_word' id='word_1_150' title='bbox 1285 2747 1368 2785; x_wconf 86' lang='lat' dir='ltr'>easa</span> 
     </span>
     <span class='ocr_line' id='line_1_20' title="bbox 387 2799 1369 2879; baseline 0.005 -22"><span class='ocrx_word' id='word_1_151' title='bbox 387 2815 451 2868; x_wconf 87' lang='lat' dir='ltr'>tur;</span> <span class='ocrx_word' id='word_1_152' title='bbox 470 2815 712 2877; x_wconf 83' lang='lat' dir='ltr'>potro‚antequam</span> <span class='ocrx_word' id='word_1_153' title='bbox 723 2818 763 2856; x_wconf 82' lang='lat' dir='ltr'>res</span> <span class='ocrx_word' id='word_1_154' title='bbox 776 2820 851 2877; x_wconf 80' lang='lat' dir='ltr'>mag·</span> <span class='ocrx_word' id='word_1_155' title='bbox 901 2815 990 2857; x_wconf 87' lang='lat' dir='ltr'>vetere</span> <span class='ocrx_word' id='word_1_156' title='bbox 1002 2799 1075 2858; x_wconf 78' lang='lat' dir='ltr'>fairra</span> <span class='ocrx_word' id='word_1_157' title='bbox 1086 2816 1113 2858; x_wconf 94' lang='lat' dir='ltr'>et</span> <span class='ocrx_word' id='word_1_158' title='bbox 1125 2801 1246 2879; x_wconf 82' lang='lat' dir='ltr'>antiquis</span> <span class='ocrx_word' id='word_1_159' title='bbox 1257 2802 1369 2874; x_wconf 79' lang='lat' dir='ltr'>fabulis,</span> 
     </span>
     <span class='ocr_line' id='line_1_21' title="bbox 392 2877 1369 2956; baseline 0.004 -20"><span class='ocrx_word' id='word_1_160' title='bbox 392 2897 434 2936; x_wconf 72' lang='grc' dir='ltr'>ηπ</span> <span class='ocrx_word' id='word_1_161' title='bbox 445 2893 472 2935; x_wconf 94' lang='lat' dir='ltr'>et</span> <span class='ocrx_word' id='word_1_162' title='bbox 485 2878 561 2935; x_wconf 74' lang='lat' dir='ltr'>clara</span> <span class='ocrx_word' id='word_1_163' title='bbox 567 2893 708 2954; x_wconf 80' lang='lat' dir='ltr'>geruntur,</span> <span class='ocrx_word' id='word_1_164' title='bbox 726 2896 773 2933; x_wconf 80' lang='lat' dir='ltr'>eos</span> <span class='ocrx_word' id='word_1_165' title='bbox 785 2897 852 2954; x_wconf 83' lang='lat' dir='ltr'>cog·</span> <span class='ocrx_word' id='word_1_166' title='bbox 901 2877 997 2954; x_wconf 84' lang='lat' dir='ltr'>primis</span> <span class='ocrx_word' id='word_1_167' title='bbox 1009 2878 1044 2935; x_wconf 88' lang='lat' dir='ltr'>de</span> <span class='ocrx_word' id='word_1_168' title='bbox 1057 2879 1100 2949; x_wconf 84' lang='lat' dir='ltr'>iir,</span> <span class='ocrx_word' id='word_1_169' title='bbox 1120 2879 1168 2956; x_wconf 89' lang='lat' dir='ltr'>qui</span> <span class='ocrx_word' id='word_1_170' title='bbox 1179 2897 1223 2936; x_wconf 82' lang='lat' dir='ltr'>eas</span> <span class='ocrx_word' id='word_1_171' title='bbox 1236 2881 1369 2940; x_wconf 84' lang='lat' dir='ltr'>condide-</span> 
     </span>
     <span class='ocr_line' id='line_1_22' title="bbox 393 2952 1369 3034; baseline 0.004 -22"><span class='ocrx_word' id='word_1_172' title='bbox 393 2954 500 3014; x_wconf 87' lang='lat' dir='ltr'>noscere</span> <span class='ocrx_word' id='word_1_173' title='bbox 522 2975 638 3020; x_wconf 84' lang='lat' dir='ltr'>avemus,</span> <span class='ocrx_word' id='word_1_174' title='bbox 659 2973 707 3032; x_wconf 90' lang='lat' dir='ltr'>per</span> <span class='ocrx_word' id='word_1_175' title='bbox 729 2972 796 3033; x_wconf 85' lang='lat' dir='ltr'>quos</span> <span class='ocrx_word' id='word_1_176' title='bbox 815 2974 853 3011; x_wconf 79' lang='lat' dir='ltr'>eae</span> <span class='ocrx_word' id='word_1_177' title='bbox 903 2972 971 3013; x_wconf 87' lang='lat' dir='ltr'>rant.</span> <span class='ocrx_word' id='word_1_178' title='bbox 1012 2952 1125 3014; x_wconf 70' lang='lat' dir='ltr'>Fabulae</span> <span class='ocrx_word' id='word_1_179' title='bbox 1145 2972 1233 3014; x_wconf 87' lang='lat' dir='ltr'>autem</span> <span class='ocrx_word' id='word_1_180' title='bbox 1251 2958 1369 3034; x_wconf 86' lang='lat' dir='ltr'>plerum·</span> 
     </span>
     <span class='ocr_line' id='line_1_23' title="bbox 391 3031 1371 3110; baseline 0.003 -19"><span class='ocrx_word' id='word_1_181' title='bbox 391 3052 431 3091; x_wconf 79' lang='lat' dir='ltr'>rer</span> <span class='ocrx_word' id='word_1_182' title='bbox 451 3031 616 3110; x_wconf 73' lang='lat' dir='ltr'>gesszsunt:</span> <span class='ocrx_word' id='word_1_183' title='bbox 649 3032 794 3090; x_wconf 87' lang='lat' dir='ltr'>Homerici</span> <span class='ocrx_word' id='word_1_184' title='bbox 806 3051 854 3088; x_wconf 82' lang='lat' dir='ltr'>na-</span> <span class='ocrx_word' id='word_1_185' title='bbox 902 3039 1003 3108; x_wconf 84' lang='lat' dir='ltr'>quend</span> <span class='ocrx_word' id='word_1_186' title='bbox 1025 3033 1305 3093; x_wconf 80' lang='lat' dir='ltr'>Graecanicalabulae</span> <span class='ocrx_word' id='word_1_187' title='bbox 1322 3056 1371 3094; x_wconf 84' lang='lat' dir='ltr'>na-</span> 
     </span>
     <span class='ocr_line' id='line_1_24' title="bbox 390 3110 1372 3189; baseline 0.006 -24"><span class='ocrx_word' id='word_1_188' title='bbox 390 3110 463 3167; x_wconf 81' lang='lat' dir='ltr'>vium</span> <span class='ocrx_word' id='word_1_189' title='bbox 489 3110 609 3187; x_wconf 85' lang='lat' dir='ltr'>catalogi</span> <span class='ocrx_word' id='word_1_190' title='bbox 638 3112 763 3187; x_wconf 78' lang='lat' dir='ltr'>exemplo</span> <span class='ocrx_word' id='word_1_191' title='bbox 793 3128 854 3166; x_wconf 87' lang='lat' dir='ltr'>eam</span> <span class='ocrx_word' id='word_1_192' title='bbox 903 3123 991 3167; x_wconf 90' lang='lat' dir='ltr'>turam</span> <span class='ocrx_word' id='word_1_193' title='bbox 1013 3111 1243 3178; x_wconf 82' lang='lat' dir='ltr'>accommodavit,</span> <span class='ocrx_word' id='word_1_194' title='bbox 1263 3111 1372 3189; x_wconf 88' lang='lat' dir='ltr'>origine</span> 
     </span>
     <span class='ocr_line' id='line_1_25' title="bbox 389 3186 1372 3264; baseline 0.004 -19"><span class='ocrx_word' id='word_1_195' title='bbox 389 3189 435 3245; x_wconf 85' lang='lat' dir='ltr'>elle</span> <span class='ocrx_word' id='word_1_196' title='bbox 456 3187 657 3254; x_wconf 84' lang='lat' dir='ltr'>adumbratam,</span> <span class='ocrx_word' id='word_1_197' title='bbox 676 3187 788 3245; x_wconf 84' lang='lat' dir='ltr'>obvium</span> <span class='ocrx_word' id='word_1_198' title='bbox 808 3186 855 3253; x_wconf 81' lang='lat' dir='ltr'>est,</span> <span class='ocrx_word' id='word_1_199' title='bbox 903 3207 1012 3264; x_wconf 86' lang='lat' dir='ltr'>quoque</span> <span class='ocrx_word' id='word_1_200' title='bbox 1038 3187 1146 3245; x_wconf 89' lang='lat' dir='ltr'>urbium</span> <span class='ocrx_word' id='word_1_201' title='bbox 1171 3189 1328 3248; x_wconf 89' lang='lat' dir='ltr'>Italicarum</span> <span class='ocrx_word' id='word_1_202' title='bbox 1355 3212 1372 3248; x_wconf 89' lang='lat' dir='ltr'>a</span> 
     </span>
     <span class='ocr_line' id='line_1_26' title="bbox 391 3264 1372 3342; baseline 0.005 -19"><span class='ocrx_word' id='word_1_203' title='bbox 391 3264 461 3323; x_wconf 87' lang='lat' dir='ltr'>etab</span> <span class='ocrx_word' id='word_1_204' title='bbox 479 3265 609 3323; x_wconf 84' lang='lat' dir='ltr'>omnibus</span> <span class='ocrx_word' id='word_1_205' title='bbox 633 3264 855 3342; x_wconf 76' lang='lat' dir='ltr'>lnterppobser·</span> <span class='ocrx_word' id='word_1_206' title='bbox 905 3266 1049 3322; x_wconf 83' lang='lat' dir='ltr'>Graecisre</span> <span class='ocrx_word' id='word_1_207' title='bbox 1084 3266 1144 3323; x_wconf 88' lang='lat' dir='ltr'>tita.</span> <span class='ocrx_word' id='word_1_208' title='bbox 1214 3268 1372 3329; x_wconf 80' lang='lat' dir='ltr'>underev.</span> 
     </span>
     <span class='ocr_line' id='line_1_27' title="bbox 391 3340 1430 3406; baseline 0.005 -6"><span class='ocrx_word' id='word_1_209' title='bbox 391 3357 489 3401; x_wconf 78' lang='lat' dir='ltr'>tantm.</span> <span class='ocrx_word' id='word_1_210' title='bbox 541 3343 589 3400; x_wconf 84' lang='lat' dir='ltr'>Ab</span> <span class='ocrx_word' id='word_1_211' title='bbox 613 3343 710 3401; x_wconf 85' lang='lat' dir='ltr'>eodem</span> <span class='ocrx_word' id='word_1_212' title='bbox 732 3343 857 3399; x_wconf 87' lang='lat' dir='ltr'>Homero</span> <span class='ocrx_word' id='word_1_213' title='bbox 906 3340 1019 3399; x_wconf 83' lang='lat' dir='ltr'>Excurs.</span> <span class='ocrx_word' id='word_1_214' title='bbox 1065 3342 1223 3402; x_wconf 68' lang='lat' dir='ltr'>llladnlr</span> <span class='ocrx_word' id='word_1_215' title='bbox 1245 3366 1266 3405; x_wconf 90' lang='lat' dir='ltr'>r.</span> <span class='ocrx_word' id='word_1_216' title='bbox 1296 3346 1371 3406; x_wconf 89' lang='lat' dir='ltr'>Cum</span> <span class='ocrx_word' id='word_1_217' title='bbox 1424 3376 1430 3386; x_wconf 65' lang='lat'><strong><em>¹</em></strong></span> 
     </span>
     <span class='ocr_line' id='line_1_28' title="bbox 390 3418 1371 3503; baseline 0.004 -24"><span class='ocrx_word' id='word_1_218' title='bbox 390 3419 467 3479; x_wconf 83' lang='lat' dir='ltr'>Iliad.</span> <span class='ocrx_word' id='word_1_219' title='bbox 483 3424 516 3488; x_wconf 81' lang='grc' dir='ltr'>β,</span> <span class='ocrx_word' id='word_1_220' title='bbox 536 3426 597 3496; x_wconf 83' lang='lat'>484</span> <span class='ocrx_word' id='word_1_221' title='bbox 610 3420 738 3497; x_wconf 86' lang='lat' dir='ltr'>petitaest</span> <span class='ocrx_word' id='word_1_222' title='bbox 759 3419 856 3476; x_wconf 82' lang='lat' dir='ltr'>Mula·</span> <span class='ocrx_word' id='word_1_223' title='bbox 905 3418 998 3495; x_wconf 86' lang='lat' dir='ltr'>itaque</span> <span class='ocrx_word' id='word_1_224' title='bbox 1011 3419 1148 3497; x_wconf 72' lang='lat' dir='ltr'>Virgilius</span> <span class='ocrx_word' id='word_1_225' title='bbox 1161 3420 1271 3482; x_wconf 89' lang='lat' dir='ltr'>urbium</span> <span class='ocrx_word' id='word_1_226' title='bbox 1283 3438 1311 3482; x_wconf 91' lang='lat' dir='ltr'>et</span> <span class='ocrx_word' id='word_1_227' title='bbox 1321 3445 1371 3503; x_wconf 91' lang='lat' dir='ltr'>po·</span> 
     </span>
     <span class='ocr_line' id='line_1_29' title="bbox 394 3496 1371 3578; baseline 0.003 -22"><span class='ocrx_word' id='word_1_228' title='bbox 394 3517 448 3556; x_wconf 90' lang='lat' dir='ltr'>rum</span> <span class='ocrx_word' id='word_1_229' title='bbox 462 3496 622 3567; x_wconf 83' lang='lat' dir='ltr'>invocati03</span> <span class='ocrx_word' id='word_1_230' title='bbox 650 3514 678 3554; x_wconf 88' lang='lat' dir='ltr'>et</span> <span class='ocrx_word' id='word_1_231' title='bbox 691 3499 771 3565; x_wconf 67' lang='lat' dir='ltr'>redte,</span> <span class='ocrx_word' id='word_1_232' title='bbox 791 3514 857 3554; x_wconf 87' lang='lat' dir='ltr'>tam·</span> <span class='ocrx_word' id='word_1_233' title='bbox 906 3498 1030 3574; x_wconf 91' lang='lat' dir='ltr'>pulorum</span> <span class='ocrx_word' id='word_1_234' title='bbox 1044 3500 1173 3557; x_wconf 81' lang='lat' dir='ltr'>varietate</span> <span class='ocrx_word' id='word_1_235' title='bbox 1192 3501 1371 3578; x_wconf 88' lang='lat' dir='ltr'>locorumque</span> 
     </span>
     <span class='ocr_line' id='line_1_30' title="bbox 394 3574 1375 3664; baseline 0.002 -31"><span class='ocrx_word' id='word_1_236' title='bbox 394 3595 471 3664; x_wconf 88' lang='lat' dir='ltr'>quam</span> <span class='ocrx_word' id='word_1_237' title='bbox 483 3577 514 3633; x_wconf 90' lang='lat' dir='ltr'>in</span> <span class='ocrx_word' id='word_1_238' title='bbox 531 3577 610 3634; x_wconf 86' lang='lat' dir='ltr'>rebus</span> <span class='ocrx_word' id='word_1_239' title='bbox 623 3595 640 3631; x_wconf 89' lang='lat' dir='ltr'>a</span> <span class='ocrx_word' id='word_1_240' title='bbox 653 3574 740 3653; x_wconf 88' lang='lat' dir='ltr'>prisca</span> <span class='ocrx_word' id='word_1_241' title='bbox 755 3593 858 3631; x_wconf 91' lang='lat' dir='ltr'>memo·</span> <span class='ocrx_word' id='word_1_242' title='bbox 906 3589 933 3631; x_wconf 89' lang='lat' dir='ltr'>et</span> <span class='ocrx_word' id='word_1_243' title='bbox 957 3595 1061 3632; x_wconf 89' lang='lat' dir='ltr'>morum</span> <span class='ocrx_word' id='word_1_244' title='bbox 1083 3575 1236 3634; x_wconf 78' lang='lat' dir='ltr'>diversitate</span> <span class='ocrx_word' id='word_1_245' title='bbox 1260 3578 1375 3635; x_wconf 86' lang='lat' dir='ltr'>inferior</span> 
     </span>
     <span class='ocr_line' id='line_1_31' title="bbox 394 3652 1374 3731; baseline 0.004 -21"><span class='ocrx_word' id='word_1_246' title='bbox 394 3672 431 3710; x_wconf 86' lang='lat' dir='ltr'>rra</span> <span class='ocrx_word' id='word_1_247' title='bbox 442 3654 575 3731; x_wconf 84' lang='lat' dir='ltr'>repetitis.</span> <span class='ocrx_word' id='word_1_248' title='bbox 615 3652 858 3729; x_wconf 85' lang='lat' dir='ltr'>Comparationem</span> <span class='ocrx_word' id='word_1_249' title='bbox 906 3653 967 3708; x_wconf 81' lang='lat' dir='ltr'>ellet</span> <span class='ocrx_word' id='word_1_250' title='bbox 994 3652 1129 3720; x_wconf 89' lang='lat' dir='ltr'>Homero,</span> <span class='ocrx_word' id='word_1_251' title='bbox 1168 3654 1374 3714; x_wconf 78' lang='lat' dir='ltr'>dcledlationem</span> 
     </span>
     <span class='ocr_line' id='line_1_32' title="bbox 394 3729 1375 3809; baseline 0.006 -22"><span class='ocrx_word' id='word_1_252' title='bbox 394 3730 461 3788; x_wconf 88' lang='lat' dir='ltr'>inter</span> <span class='ocrx_word' id='word_1_253' title='bbox 483 3731 665 3789; x_wconf 88' lang='lat' dir='ltr'>Homericam</span> <span class='ocrx_word' id='word_1_254' title='bbox 685 3747 712 3787; x_wconf 88' lang='lat' dir='ltr'>et</span> <span class='ocrx_word' id='word_1_255' title='bbox 725 3729 859 3806; x_wconf 83' lang='lat' dir='ltr'>Virgilia-</span> <span class='ocrx_word' id='word_1_256' title='bbox 907 3748 940 3786; x_wconf 81' lang='lat' dir='ltr'>ex</span> <span class='ocrx_word' id='word_1_257' title='bbox 955 3729 1051 3786; x_wconf 83' lang='lat' dir='ltr'>fabulis</span> <span class='ocrx_word' id='word_1_258' title='bbox 1063 3731 1156 3807; x_wconf 83' lang='lat' dir='ltr'>priscis</span> <span class='ocrx_word' id='word_1_259' title='bbox 1167 3733 1375 3809; x_wconf 76' lang='lat' dir='ltr'>retlequaefivit.</span> 
     </span>
     <span class='ocr_line' id='line_1_33' title="bbox 395 3806 1376 3884; baseline 0.004 -19"><span class='ocrx_word' id='word_1_260' title='bbox 395 3827 454 3866; x_wconf 85' lang='lat' dir='ltr'>uam</span> <span class='ocrx_word' id='word_1_261' title='bbox 467 3806 783 3866; x_wconf 86' lang='lat' dir='ltr'>rationemaMacrobio</span> <span class='ocrx_word' id='word_1_262' title='bbox 796 3807 860 3865; x_wconf 90' lang='lat' dir='ltr'>inde</span> <span class='ocrx_word' id='word_1_263' title='bbox 907 3806 993 3884; x_wconf 82' lang='lat' dir='ltr'>Qod</span> <span class='ocrx_word' id='word_1_264' title='bbox 1007 3809 1158 3883; x_wconf 87' lang='lat' dir='ltr'>Trojanam</span> <span class='ocrx_word' id='word_1_265' title='bbox 1167 3809 1253 3866; x_wconf 84' lang='lat' dir='ltr'>aciem</span> <span class='ocrx_word' id='word_1_266' title='bbox 1262 3831 1316 3868; x_wconf 92' lang='lat' dir='ltr'>non</span> <span class='ocrx_word' id='word_1_267' title='bbox 1326 3813 1376 3870; x_wconf 84' lang='lat' dir='ltr'>ad·</span> 
     </span>
     <span class='ocr_line' id='line_1_34' title="bbox 395 3883 1376 3964; baseline 0.006 -23"><span class='ocrx_word' id='word_1_268' title='bbox 395 3884 449 3944; x_wconf 84' lang='lat' dir='ltr'>Sat.</span> <span class='ocrx_word' id='word_1_269' title='bbox 463 3886 504 3952; x_wconf 89' lang='lat' dir='ltr'>V,</span> <span class='ocrx_word' id='word_1_270' title='bbox 530 3905 556 3942; x_wconf 90' lang='lat' dir='ltr'>c.</span> <span class='ocrx_word' id='word_1_271' title='bbox 574 3907 583 3942; x_wconf 88' lang='lat'>1</span> <span class='ocrx_word' id='word_1_272' title='bbox 591 3907 606 3964; x_wconf 79' lang='grc' dir='ltr'><em>ς</em></span> <span class='ocrx_word' id='word_1_273' title='bbox 629 3884 719 3961; x_wconf 89' lang='lat' dir='ltr'>pallim</span> <span class='ocrx_word' id='word_1_274' title='bbox 742 3883 861 3941; x_wconf 87' lang='lat' dir='ltr'>institue·</span> <span class='ocrx_word' id='word_1_275' title='bbox 905 3884 984 3960; x_wconf 85' lang='lat' dir='ltr'>jecit,</span> <span class='ocrx_word' id='word_1_276' title='bbox 1017 3887 1052 3942; x_wconf 86' lang='lat' dir='ltr'>ad</span> <span class='ocrx_word' id='word_1_277' title='bbox 1080 3886 1259 3946; x_wconf 89' lang='lat' dir='ltr'>Homericum</span> <span class='ocrx_word' id='word_1_278' title='bbox 1283 3908 1376 3947; x_wconf 87' lang='lat' dir='ltr'>exem·</span> 
     </span>
     <span class='ocr_line' id='line_1_35' title="bbox 397 3961 1379 4040; baseline 0.004 -20"><span class='ocrx_word' id='word_1_279' title='bbox 397 3977 455 4020; x_wconf 88' lang='lat' dir='ltr'>tunt</span> <span class='ocrx_word' id='word_1_280' title='bbox 474 3962 529 4020; x_wconf 87' lang='lat' dir='ltr'>viri</span> <span class='ocrx_word' id='word_1_281' title='bbox 551 3961 640 4028; x_wconf 75' lang='lat' dir='ltr'>noeti,</span> <span class='ocrx_word' id='word_1_282' title='bbox 673 3961 718 4018; x_wconf 88' lang='lat' dir='ltr'>sed</span> <span class='ocrx_word' id='word_1_283' title='bbox 745 3961 862 4040; x_wconf 88' lang='lat' dir='ltr'>partium</span> <span class='ocrx_word' id='word_1_284' title='bbox 910 3962 996 4038; x_wconf 90' lang='lat' dir='ltr'>plum,</span> <span class='ocrx_word' id='word_1_285' title='bbox 1032 3983 1111 4021; x_wconf 88' lang='lat' dir='ltr'>nemo</span> <span class='ocrx_word' id='word_1_286' title='bbox 1139 3964 1219 4022; x_wconf 87' lang='lat' dir='ltr'>facile</span> <span class='ocrx_word' id='word_1_287' title='bbox 1244 3966 1379 4036; x_wconf 68' lang='lat' dir='ltr'>miretutr</span> 
     </span>
     <span class='ocr_line' id='line_1_36' title="bbox 398 4038 1377 4116; baseline 0.005 -20"><span class='ocrx_word' id='word_1_288' title='bbox 398 4039 450 4098; x_wconf 79' lang='lat' dir='ltr'>fere</span> <span class='ocrx_word' id='word_1_289' title='bbox 463 4039 552 4099; x_wconf 85' lang='lat' dir='ltr'>studio</span> <span class='ocrx_word' id='word_1_290' title='bbox 565 4055 594 4098; x_wconf 89' lang='lat' dir='ltr'>et</span> <span class='ocrx_word' id='word_1_291' title='bbox 607 4038 761 4096; x_wconf 85' lang='lat' dir='ltr'>alterutrius</span> <span class='ocrx_word' id='word_1_292' title='bbox 773 4047 863 4116; x_wconf 61' lang='lat' dir='ltr'>poetae</span> <span class='ocrx_word' id='word_1_293' title='bbox 909 4059 993 4116; x_wconf 88' lang='lat' dir='ltr'>quam</span> <span class='ocrx_word' id='word_1_294' title='bbox 1005 4041 1242 4100; x_wconf 84' lang='lat' dir='ltr'>enimvarietatem</span> <span class='ocrx_word' id='word_1_295' title='bbox 1251 4059 1278 4099; x_wconf 90' lang='lat' dir='ltr'>et</span> <span class='ocrx_word' id='word_1_296' title='bbox 1288 4045 1377 4101; x_wconf 86' lang='lat' dir='ltr'>delec-</span> 
     </span>
     <span class='ocr_line' id='line_1_37' title="bbox 397 4115 1377 4198; baseline 0.004 -25"><span class='ocrx_word' id='word_1_297' title='bbox 397 4136 486 4177; x_wconf 89' lang='lat' dir='ltr'>amore</span> <span class='ocrx_word' id='word_1_298' title='bbox 497 4117 615 4196; x_wconf 85' lang='lat' dir='ltr'>abrepti.</span> <span class='ocrx_word' id='word_1_299' title='bbox 659 4115 750 4172; x_wconf 76' lang='lat' dir='ltr'>Nobis</span> <span class='ocrx_word' id='word_1_300' title='bbox 769 4135 861 4173; x_wconf 84' lang='lat' dir='ltr'>eano-</span> <span class='ocrx_word' id='word_1_301' title='bbox 909 4117 1040 4174; x_wconf 86' lang='lat' dir='ltr'>tationem</span> <span class='ocrx_word' id='word_1_302' title='bbox 1065 4139 1095 4175; x_wconf 88' lang='lat' dir='ltr'>ea</span> <span class='ocrx_word' id='word_1_303' title='bbox 1121 4121 1288 4177; x_wconf 86' lang='lat' dir='ltr'>enumeratio</span> <span class='ocrx_word' id='word_1_304' title='bbox 1313 4142 1377 4198; x_wconf 88' lang='lat' dir='ltr'>pro·</span> 
     </span>
     <span class='ocr_line' id='line_1_38' title="bbox 398 4193 1379 4289; baseline 0.003 -37"><span class='ocrx_word' id='word_1_305' title='bbox 398 4195 580 4264; x_wconf 80' lang='lat' dir='ltr'>taffesufficit,</span> <span class='ocrx_word' id='word_1_306' title='bbox 594 4214 656 4272; x_wconf 81' lang='lat' dir='ltr'>qua·</span> <span class='ocrx_word' id='word_1_307' title='bbox 667 4193 789 4271; x_wconf 86' lang='lat' dir='ltr'>Virgilio</span> <span class='ocrx_word' id='word_1_308' title='bbox 799 4214 862 4289; x_wconf 86' lang='lat' dir='ltr'>pro-</span> <span class='ocrx_word' id='word_1_309' title='bbox 911 4194 1020 4252; x_wconf 88' lang='lat' dir='ltr'>mittere</span> <span class='ocrx_word' id='word_1_310' title='bbox 1041 4199 1165 4272; x_wconf 82' lang='lat' dir='ltr'>poterat?</span> <span class='ocrx_word' id='word_1_311' title='bbox 1203 4197 1379 4255; x_wconf 87' lang='lat' dir='ltr'>Etruscorum</span> 
     </span>
     <span class='ocr_line' id='line_1_39' title="bbox 400 4270 1378 4349; baseline 0.007 -22"><span class='ocrx_word' id='word_1_312' title='bbox 400 4271 456 4349; x_wconf 83' lang='lat' dir='ltr'>pria</span> <span class='ocrx_word' id='word_1_313' title='bbox 469 4272 537 4330; x_wconf 85' lang='lat' dir='ltr'>sunt.</span> <span class='ocrx_word' id='word_1_314' title='bbox 578 4273 655 4329; x_wconf 89' lang='lat' dir='ltr'>Cum</span> <span class='ocrx_word' id='word_1_315' title='bbox 679 4270 771 4348; x_wconf 89' lang='lat' dir='ltr'>itaque</span> <span class='ocrx_word' id='word_1_316' title='bbox 783 4271 861 4328; x_wconf 76' lang='lat' dir='ltr'>(srae-</span> <span class='ocrx_word' id='word_1_317' title='bbox 912 4272 1016 4329; x_wconf 74' lang='lat' dir='ltr'>auxilia</span> <span class='ocrx_word' id='word_1_318' title='bbox 1026 4292 1151 4332; x_wconf 86' lang='lat' dir='ltr'>enarrare</span> <span class='ocrx_word' id='word_1_319' title='bbox 1163 4295 1219 4331; x_wconf 90' lang='lat' dir='ltr'>non</span> <span class='ocrx_word' id='word_1_320' title='bbox 1231 4275 1332 4332; x_wconf 85' lang='lat' dir='ltr'>oblitus</span> <span class='ocrx_word' id='word_1_321' title='bbox 1342 4280 1378 4334; x_wconf 80' lang='lat' dir='ltr'>est</span> 
     </span>
     <span class='ocr_line' id='line_1_40' title="bbox 399 4349 1381 4429; baseline 0.006 -24"><span class='ocrx_word' id='word_1_322' title='bbox 399 4367 491 4407; x_wconf 87' lang='lat' dir='ltr'>corum</span> <span class='ocrx_word' id='word_1_323' title='bbox 515 4350 628 4408; x_wconf 89' lang='lat' dir='ltr'>urbium</span> <span class='ocrx_word' id='word_1_324' title='bbox 653 4363 680 4406; x_wconf 88' lang='lat' dir='ltr'>et</span> <span class='ocrx_word' id='word_1_325' title='bbox 702 4349 864 4426; x_wconf 89' lang='lat' dir='ltr'>populorum</span> <span class='ocrx_word' id='word_1_326' title='bbox 914 4349 965 4406; x_wconf 81' lang='lat' dir='ltr'>inf.</span> <span class='ocrx_word' id='word_1_327' title='bbox 987 4351 1035 4407; x_wconf 90' lang='lat' dir='ltr'>lib.</span> <span class='ocrx_word' id='word_1_328' title='bbox 1064 4352 1105 4420; x_wconf 89' lang='lat' dir='ltr'>X,</span> <span class='ocrx_word' id='word_1_329' title='bbox 1137 4352 1253 4429; x_wconf 72' lang='lat' dir='ltr'>163&#39;sq·</span> <span class='ocrx_word' id='word_1_330' title='bbox 1294 4352 1381 4411; x_wconf 84' lang='lat' dir='ltr'>Erant</span> 
     </span>
     <span class='ocr_line' id='line_1_41' title="bbox 402 4426 1382 4505; baseline 0.006 -21"><span class='ocrx_word' id='word_1_331' title='bbox 402 4428 576 4492; x_wconf 60' lang='lat' dir='ltr'>muneratio,</span> <span class='ocrx_word' id='word_1_332' title='bbox 611 4441 748 4502; x_wconf 86' lang='lat' dir='ltr'>tamquam</span> <span class='ocrx_word' id='word_1_333' title='bbox 775 4428 804 4482; x_wconf 92' lang='lat' dir='ltr'>in</span> <span class='ocrx_word' id='word_1_334' title='bbox 836 4427 865 4483; x_wconf 84' lang='lat' dir='ltr'>&#39;re</span> <span class='ocrx_word' id='word_1_335' title='bbox 914 4426 986 4484; x_wconf 88' lang='lat' dir='ltr'>enim</span> <span class='ocrx_word' id='word_1_336' title='bbox 1001 4427 1029 4484; x_wconf 94' lang='lat' dir='ltr'>in</span> <span class='ocrx_word' id='word_1_337' title='bbox 1043 4448 1141 4505; x_wconf 85' lang='lat' dir='ltr'>genere</span> <span class='ocrx_word' id='word_1_338' title='bbox 1154 4431 1208 4488; x_wconf 93' lang='lat' dir='ltr'>hoc</span> <span class='ocrx_word' id='word_1_339' title='bbox 1231 4448 1318 4488; x_wconf 88' lang='lat' dir='ltr'>rerum</span> <span class='ocrx_word' id='word_1_340' title='bbox 1331 4431 1382 4490; x_wconf 90' lang='lat' dir='ltr'>ho·</span> 
     </span>
     <span class='ocr_line' id='line_1_42' title="bbox 402 4502 1383 4583; baseline 0.006 -23"><span class='ocrx_word' id='word_1_341' title='bbox 402 4507 536 4563; x_wconf 88' lang='lat' dir='ltr'>communi</span> <span class='ocrx_word' id='word_1_342' title='bbox 546 4504 668 4563; x_wconf 80' lang='lat' dir='ltr'>Graeciae</span> <span class='ocrx_word' id='word_1_343' title='bbox 676 4504 804 4561; x_wconf 85' lang='lat' dir='ltr'>consensu</span> <span class='ocrx_word' id='word_1_344' title='bbox 815 4502 868 4561; x_wconf 88' lang='lat' dir='ltr'>sus·</span> <span class='ocrx_word' id='word_1_345' title='bbox 917 4506 1152 4583; x_wconf 83' lang='lat' dir='ltr'>minumque,qu:e</span> <span class='ocrx_word' id='word_1_346' title='bbox 1165 4509 1198 4564; x_wconf 87' lang='lat' dir='ltr'>ad</span> <span class='ocrx_word' id='word_1_347' title='bbox 1213 4506 1332 4566; x_wconf 87' lang='lat' dir='ltr'>animum</span> <span class='ocrx_word' id='word_1_348' title='bbox 1344 4524 1383 4566; x_wconf 79' lang='lat' dir='ltr'>te·</span> 
     </span>
     <span class='ocr_line' id='line_1_43' title="bbox 402 4581 1384 4666; baseline 0.005 -26"><span class='ocrx_word' id='word_1_349' title='bbox 402 4595 475 4657; x_wconf 85' lang='lat' dir='ltr'>cepta</span> <span class='ocrx_word' id='word_1_350' title='bbox 490 4585 629 4660; x_wconf 82' lang='lat' dir='ltr'>gestaque,</span> <span class='ocrx_word' id='word_1_351' title='bbox 648 4581 692 4641; x_wconf 85' lang='lat' dir='ltr'>ad</span> <span class='ocrx_word' id='word_1_352' title='bbox 704 4583 868 4659; x_wconf 77' lang='lat' dir='ltr'>singulorum</span> <span class='ocrx_word' id='word_1_353' title='bbox 918 4603 979 4655; x_wconf 77' lang='lat' dir='ltr'>nere</span> <span class='ocrx_word' id='word_1_354' title='bbox 993 4585 1103 4661; x_wconf 85' lang='lat' dir='ltr'>pollent.</span> <span class='ocrx_word' id='word_1_355' title='bbox 1144 4585 1228 4666; x_wconf 81' lang='lat' dir='ltr'>Qod</span> <span class='ocrx_word' id='word_1_356' title='bbox 1254 4589 1289 4642; x_wconf 85' lang='lat' dir='ltr'>ad</span> <span class='ocrx_word' id='word_1_357' title='bbox 1307 4588 1384 4645; x_wconf 87' lang='lat' dir='ltr'>ordi·</span> 
     </span>
     <span class='ocr_line' id='line_1_44' title="bbox 403 4658 1389 4740; baseline 0.005 -24"><span class='ocrx_word' id='word_1_358' title='bbox 403 4658 560 4736; x_wconf 80' lang='lat' dir='ltr'>oppidorum</span> <span class='ocrx_word' id='word_1_359' title='bbox 579 4661 693 4720; x_wconf 88' lang='lat' dir='ltr'>laudem</span> <span class='ocrx_word' id='word_1_360' title='bbox 706 4679 733 4716; x_wconf 85' lang='lat' dir='ltr'>er</span> <span class='ocrx_word' id='word_1_361' title='bbox 752 4659 868 4739; x_wconf 81' lang='lat' dir='ltr'>gloriam</span> <span class='ocrx_word' id='word_1_362' title='bbox 919 4680 992 4729; x_wconf 91' lang='lat' dir='ltr'>nem,</span> <span class='ocrx_word' id='word_1_363' title='bbox 1005 4681 1061 4737; x_wconf 93' lang='lat' dir='ltr'>quo</span> <span class='ocrx_word' id='word_1_364' title='bbox 1075 4664 1151 4723; x_wconf 79' lang='lat' dir='ltr'>urbes</span> <span class='ocrx_word' id='word_1_365' title='bbox 1164 4665 1282 4726; x_wconf 86' lang='lat' dir='ltr'>recenset</span> <span class='ocrx_word' id='word_1_366' title='bbox 1295 4669 1389 4740; x_wconf 71' lang='lat' dir='ltr'>poeta,</span> 
     </span>
    </p>
   </div>
   <div class='ocr_carea' id='block_1_5' title="bbox 1292 4732 1395 4801">
    <p class='ocr_par' dir='ltr' id='par_1_5' title="bbox 1292 4732 1395 4801">
     <span class='ocr_line' id='line_1_45' title="bbox 1292 4732 1395 4801; baseline 0.049 -5"><span class='ocrx_word' id='word_1_367' title='bbox 1292 4732 1395 4801; x_wconf 70' lang='lat' dir='ltr'>attinet</span> 
     </span>
    </p>
   </div>
   <div class='ocr_carea' id='block_1_6' title="bbox 0 0 1789 6234">
    <p class='ocr_par' dir='ltr' id='par_1_6' title="bbox 0 0 1789 6234">
     <span class='ocr_line' id='line_1_46' title="bbox 0 0 1789 6234; baseline 0 0"><span class='ocrx_word' id='word_1_368' title='bbox 0 0 1789 6234; x_wconf 95' lang='lat' dir='ltr'> </span> 
     </span>
    </p>
   </div>
  </div>
 </body>
</html>
