3475 6234
582 863 672 942 nn
715 862 999 944 LIBRUM
1039 862 1125 943 vm
1276 872 1361 965 :125

374 1066 415 1127 tel
436 1067 539 1141 Amris,
558 1081 587 1127 et
611 1083 738 1148 corrupte
762 1069 883 1143 Arensis,
908 1085 939 1128 ut
959 1069 1064 1129 ibidem
1087 1068 1118 1126 in
1137 1065 1199 1126 alili
1217 1063 1360 1130 scribitur,
1430 1132 1435 1139 Ι

374 1174 400 1216 tt
416 1158 610 1218 excudendum
630 1171 699 1217 erat.
738 1159 824 1237 Apud
842 1160 959 1217 eundem
982 1158 1017 1216 ab
1038 1161 1134 1219 [ΕΜ
1155 1156 1264 1235 polletis
1283 1150 1359 1212 urbis

373 1251 530 1310 astruenda
543 1264 668 1307 narratur
686 1248 761 1308 eirea
773 1249 930 1308 Circaeum:
952 1263 1008 1307 tam
1024 1250 1080 1307 late
1100 1249 1177 1308 Latii
1196 1249 1282 1318 locus,
1301 1262 1359 1324 qne

374 1338 599 1407 Rormcondita,
611 1339 784 1417 designatur:
805 1360 832 1399 v.
851 1358 903 1417 1²7
918 1343 957 1398 'Er
967 1340 1105 1411 &dirimire
1115 1338 1359 1410 ὄλβίανδωμῆσιται

313 1436 316 1445 ’
374 1433 475 1506 Tigra,
497 1429 622 1502 μυδνὰς
644 1429 713 1504 ἀμφὶ
738 1431 850 1506 Κιςιαιύ
873 1433 955 1488 νάπας
980 1445 1034 1490 etc.
1075 1427 1177 1487 Totius
1200 1428 1280 1505 hujus
1300 1421 1360 1484 loci

376 1520 529 1596 perdosltm
552 1516 803 1596 interpretationem
823 1518 902 1577 dedit
924 1518 1067 1578 Cluverius
1088 1517 1151 1577 lm.
1172 1532 1231 1577 tnt.
1251 1536 1282 1596 p.
1300 1515 1359 1596 7⁶²
1389 1585 1392 1591 Ι

375 1607 434 1686 sqq.
472 1609 621 1674 Homerus,
634 1606 683 1684 qui
695 1609 819 1672 locorum
831 1607 895 1666 situs
907 1627 956 1686 per
968 1607 1093 1667 Siciliam
1109 1623 1138 1667 et
1150 1607 1271 1675 ltaliam,
1283 1605 1363 1664 litto·

376 1699 458 1757 nlern
470 1697 577 1766 saltem,
596 1699 690 1775 paullo
702 1697 855 1756 accuratius
875 1713 965 1767 norat,
987 1699 1092 1756 servato
1113 1699 1212 1757 Oceani
1225 1695 1360 1754 vocabulo
1393 1739 1396 1743 .

365 1772 464 1862 'lcujns
476 1786 556 1845 notio
570 1806 624 1844 una
634 1786 782 1864 eademque
794 1805 843 1844 nec
856 1786 911 1845 suit
930 1807 979 1846 nec
1000 1788 1050 1855 else
1069 1786 1171 1866 potuit,
1189 1788 1292 1846 variata
1310 1785 1361 1845 itta

375 1874 429 1953 lm
449 1892 515 1935 ante
527 1875 695 1944 Homemm,
714 1891 745 1933 ut
756 1876 849 1953 paullo
865 1890 928 1933 ²¹¹ss
940 1875 1075 1952 diximus)
1092 1872 1306 1950 Ulsffi³⁶lf⁰m
1324 1873 1361 1932 ’ἀ
1435 1881 1440 1889 =
1460 1954 1468 1973 ·
1491 1956 1496 1967 ·

378 1964 462 2025 luti:
478 1985 555 2024 oram
568 1965 662 2022 retulit
674 1985 706 2022 ac
718 1965 864 2043 disposuit,
885 1965 1033 2043 Circusque
1045 1967 1114 2024 adeo
1125 1964 1239 2024 insulam
1250 1967 1277 2025 ei
1296 1965 1361 2024 locri

377 2054 527 2133 affignavit,
549 2052 599 2132 qui
619 2052 723 2111 Circei
744 2054 926 2132 promontorii
947 2069 974 2113 et
994 2069 1088 2133 portus
1108 2073 1207 2113 nomen
1229 2054 1274 2113 seu
1293 2069 1360 2114 tune

376 2147 429 2224 jam
439 2144 539 2204 habuit
550 2143 596 2202 seu
609 2143 675 2202 inde
687 2144 802 2221 accepit.

413 2237 489 2294 Circe
503 2235 631 2308 veneficiis
650 2233 783 2291 celebrata
793 2233 829 2291 esi
842 2232 908 2292 inde
919 2234 954 2292 ab
968 2234 1112 2293 Homero:
1134 2252 1199 2291 nam
1214 2232 1360 2312 Argonato

379 2322 548 2383 ticadebac
567 2324 625 2397 ejus
638 2335 695 2379 arte
715 2322 801 2382 filent.
842 2321 907 2381 Fuit
927 2324 980 2382 hoc
999 2324 1175 2401 antiquorum
1195 2335 1360 2399 temporum,

382 2428 411 2472 nt
429 2415 581 2473 etiamnum
601 2412 672 2470 inter
691 2415 806 2491 populos
825 2413 953 2472 barbaros
973 2433 1017 2472 res
1035 2415 1073 2472 est
1091 2412 1154 2471 satis
1173 2413 1309 2488 frequens,
1330 2424 1362 2470 ut

361 2506 366 2515 ‘
380 2504 468 2582 passim
479 2503 510 2561 in
523 2503 613 2561 minus
625 2506 697 2563 notis
717 2503 785 2561 locit
805 2504 980 2563 crederentur
1003 2504 1054 2562 else
1073 2501 1169 2581 populi
1189 2502 1233 2560 vel
1251 2501 1364 2560 familie

380 2594 422 2652 vel
444 2591 582 2659 homines,
603 2593 651 2669 qui
673 2593 808 2651 veneficiis
831 2607 859 2650 et
879 2593 995 2671 magicis
1017 2591 1118 2651 artibus
1132 2592 1278 2670 pollerent.
1318 2592 1362 2650 Ex
1463 2642 1470 2650 .

385 2681 516 2742 Strabone
526 2683 546 2739 Ι.
560 2700 587 2740 c.
607 2681 658 2740 lib.
673 2681 714 2751 V,
725 2703 753 2760 p.
770 2703 824 2762 355
840 2683 874 2752 Β,
895 2698 1014 2762 apparet,
1034 2682 1179 2741 herbarum
1198 2681 1307 2761 copiam
1329 2698 1363 2740 ac

385 2770 559 2850 trequmtim
584 2772 614 2830 in
641 2771 684 2831 bis
710 2771 778 2831 locis
804 2773 1007 2831 memorabilem
1033 2773 1177 2830 nonnullos
1199 2770 1361 2850 prodidisset

388 2860 464 2937 quod
476 2874 560 2918 umen
572 2861 628 2942 ipse
641 2860 733 2939 potius
746 2862 781 2918 ad
795 2863 892 2920 Circes
905 2861 1024 2919 subulam
1038 2861 1274 2919 accommodatum
1287 2874 1365 2937 putr-

388 2949 445 3008 tit:
465 2954 529 3025 oui
548 2951 574 3008 bi
598 2951 643 3008 itai
662 2950 800 3028 πολῦῥριζον
820 2952 892 3018 liras,
913 2955 994 3029 τάχα
1014 2957 1050 3029 ¹er
1067 2949 1138 3028 ,clip
1152 2956 1188 3028 τᾷ
1200 2950 1257 3027 megi
1270 2950 1364 3026 Kr'prtnt
1432 2999 1434 3007 .

386 3047 594 3115 ςςοσυιιιοῐιπς.
635 3039 681 3098 De
693 3058 797 3096 veneno
818 3039 961 3098 mortifero
979 3040 1008 3097 in
1025 3036 1238 3098 monteCircaeo
1250 3036 1365 3096 obscura

385 3131 420 3190 est
439 3129 557 3187 namatio
579 3128 610 3185 in
633 3127 734 3184 Audit.
755 3127 861 3185 Mirab.
883 3149 911 3187 n.
927 3149 975 3208 79.
1016 3128 1169 3186 Arboribus
1188 3125 1365 3204 frequentiffi·

387 3239 457 3278 mum
479 3220 530 3278 esse
551 3216 770 3296 promontorium
789 3217 938 3287 Circium,
960 3217 1059 3275 diserte
1081 3231 1171 3274 narrat
1185 3215 1365 3295 Theophras.

389 3307 456 3367 lsill.
470 3308 550 3366 Pltnt
568 3307 605 3376 V,
619 3326 650 3384 9,
664 3305 790 3384 inprimis
803 3306 901 3383 myrtis
916 3327 1029 3384 quarum
1040 3327 1124 3386 genus
1138 3305 1250 3383 aliquod
1263 3306 1367 3364 humile

387 3415 413 3458 et
423 3399 516 3478 generi
536 3397 681 3457 coronario
700 3398 857 3474 proximum
870 3398 1044 3456 enascebatur
1064 3398 1092 3455 in
1107 3398 1247 3475 Elpenoris
1259 3397 1319 3475 (qui
1331 3415 1367 3454 ert

389 3491 483 3567 Ulyffis
493 3489 572 3548 sociis
586 3488 655 3562 suit)
677 3488 794 3554 tumulo,
812 3489 915 3546 caeteris
927 3489 1060 3566 amplibus
1074 3488 1207 3545 dissimile.
1248 3487 1333 3567 Qod
1346 3487 1365 3544 fi

389 3578 611 3657 buncexscriptit
626 3577 740 3644 Plinius,
763 3578 812 3636 lib.
836 3577 906 3646 XV,
931 3596 967 3654 29
991 3578 1010 3635 s.
1034 3579 1081 3652 36,
1104 3596 1197 3654 parurn
1220 3575 1368 3652 diligenter

391 3669 481 3727 dixisse
494 3666 583 3726 videri
596 3665 677 3723 debet
689 3663 827 3723 universe:
849 3666 1103 3743 Myrtus—primum
1121 3666 1223 3721 Circeiis
1242 3674 1268 3719 in
1290 3663 1368 3740 Elpe-

391 3768 452 3816 rrris
463 3755 558 3815 rumulo
569 3759 630 3831 visa
642 3757 761 3812 traditur.
781 3755 819 3813 es.
835 3753 906 3812 Not.
917 3755 952 3810 ad
965 3774 991 3810 v.
1009 3772 1053 3810 11.
1095 3751 1178 3808 Fuere
1195 3767 1284 3809 tamen
1297 3750 1368 3827 ejus-

391 3839 583 3908 nodi'trbulae
601 3845 636 3902 de
648 3843 789 3900 arboribus
803 3844 832 3900 in
845 3845 957 3901 heroum
976 3842 1090 3900 tumulis
1104 3840 1187 3898 enatis
1199 3841 1306 3918 plures:
1329 3838 1369 3897 uti

390 3937 424 3996 de
434 3939 544 4017 platano
558 3935 589 3993 in
602 3928 747 3992 Diomedis
759 3933 880 3990 tumulo:
905 3932 941 3990 cs.
957 3930 1008 3989 inf.
1024 3929 1092 3987 Exc.
1107 3930 1121 3986 I
1135 3929 1168 3986 ad
1180 3929 1230 3986 lib.
1245 3927 1300 3986 XI.

426 4028 562 4085 Ceterum
575 4022 679 4102 fabula
701 4025 731 4078 de
753 4023 829 4080 Circe
842 4040 894 4080 una
906 4040 940 4077 ex
955 4019 991 4076 iis
1001 4020 1050 4077 effe
1071 4019 1193 4085 videtur,
1211 4037 1294 4095 quam
1308 4017 1370 4074 Ho-

393 4135 503 4183 meruta
519 4113 612 4192 priore
632 4112 725 4189 aliquo
745 4114 827 4187 posta
847 4112 988 4168 tristatam
1009 4125 1158 4193 acceperat,
1179 4108 1223 4165 seu
1237 4106 1266 4163 in
1280 4108 1373 4182 Argo-

393 4205 515 4272 nauticis,
535 4202 581 4260 seu
595 4201 669 4280 quod
684 4199 840 4277 probabilus
859 4215 887 4256 et
907 4200 942 4256 ad
965 4197 1100 4256 vetustatis
1123 4195 1233 4275 genium
1248 4194 1371 4272 propius,

394 4316 452 4355 cnm
464 4301 548 4374 poeta
560 4290 661 4369 aliquis
673 4288 813 4366 antiquior
825 4290 994 4367 voluptatum
1005 4288 1061 4346 vim
1072 4288 1106 4345 ad
1118 4304 1205 4345 mores
1215 4283 1373 4343 hominibus

395 4384 522 4444 belluinos
538 4379 694 4439 induendos
707 4377 759 4434 hoc
772 4377 853 4453 nyrho
865 4381 895 4434 de
908 4383 1010 4435 mutatis
1022 4400 1041 4433 a
1055 4378 1128 4434 Circe
1142 4385 1168 4431 r'n
1189 4371 1285 4429 belluas
1296 4371 1375 4430 homi·

396 4473 460 4533 istis
471 4469 614 4530 docuisset.
654 4465 781 4523 Nomina
800 4465 921 4551 profesio
939 4467 1097 4544 excogitata
1110 4462 1235 4519 videntur
1248 4458 1375 4520 aGraeco

397 4561 510 4621 homine.
552 4559 606 4617 Ala
619 4558 655 4615 cll
668 4555 811 4634 antiquum
832 4575 931 4615 nomen
950 4571 1044 4614 terrae:
1070 4553 1152 4612 frater
1173 4552 1277 4618 Alit-rs,
1294 4551 1374 4610 terri-

395 4671 474 4735 gena,
493 4665 572 4731 pater
595 4647 641 4711 Sit
656 4663 685 4709 et
705 4664 790 4710 mater
810 4650 884 4726 Perse
908 4646 1068 4706 Oceanina:
1090 4643 1218 4721 quoniam
1234 4640 1324 4786 gisola
1345 4641 1375 4699 in

1264 4750 1376 4791 ceanum
