3475 6234
1086 1404 1258 1482 AD
1341 1396 1872 1494 LLBRUM
1942 1396 2048 1473 x.
2409 1426 2549 1501 491

599 1602 912 1667 Saturniam
944 1618 995 1664 et
1036 1604 1176 1664 alias
1215 1605 1453 1686 qnasslatn
1480 1599 1649 1668 urbes,
1692 1620 1820 1680 quas
1856 1599 1996 1679 ipfis,
2018 1602 2249 1678 temporis
2280 1602 2561 1679 progr-effi,

606 1697 813 1774 Etrusci
846 1702 1155 1774 eripuerunt.
1237 1696 1475 1754 Potuere
1493 1710 1632 1771 ergo
1654 1688 1801 1748 inter
1824 1707 1918 1746 eas
1947 1689 2130 1756 urbes,
2168 1707 2304 1769 quas
2343 1687 2563 1772 Pelasgi

603 1802 861 1854 tenuere,
881 1801 939 1845 et
964 1786 1069 1845 illae
1093 1788 1218 1853 effe,
1248 1805 1387 1863 quas
1408 1785 1579 1863 poiita
1600 1780 1890 1840 recensuit.
2508 1776 2514 1781 ’

690 1879 932 1961 Clrfim,
999 1877 1231 1936 Camers
1282 1877 1373 1935 vel
1426 1874 1660 1932 Camars
1705 1872 1841 1931 olim
1894 1869 2136 1947 dictum.
2188 1869 2334 1931 inter
2377 1874 2569 1933 AEneae

606 1969 827 2031 auxilia
839 1970 981 2028 bene
997 1968 1196 2028 referri
1213 1967 1417 2047 potuit,
1433 1962 1885 2044 quandoquidem
1900 1961 1954 2019 in
1965 1961 2278 2021 societatem
2296 1979 2355 2022 et
2368 1965 2571 2026 amici..

606 2059 748 2119 tiam
776 2078 811 2117 a
828 2056 1097 2118 Romanis
1120 2070 1403 2134 receptum
1426 2054 1725 2114 Gallorum
1748 2070 1901 2110 arma
1925 2051 1984 2110 in
2015 2052 2297 2110 Romanos
2322 2055 2525 2114 avertit
2543 2077 2566 2116 x

607 2151 747 2216 Liv.
789 2152 871 2217 V,
915 2151 987 2230 36
1015 2150 1092 2228 sq.
1174 2152 1312 2209 Erat
1341 2149 1469 2209 urbs
1494 2145 1880 2225 antiquissima,
1920 2163 2086 2222 quam
2124 2144 2356 2205 Umbris
2377 2146 2570 2223 ejeffle

612 2240 835 2302 Etrusci
856 2243 1003 2300 suam
1027 2235 1293 2300 fecerant.
1362 2241 1453 2298 De
1474 2240 1581 2296 hac
1602 2253 1658 2295 et
1682 2236 1957 2295 nonnullis
1978 2235 2202 2294 urbibus
2221 2233 2571 2316 sequentibus

614 2331 750 2392 vide
789 2351 937 2391 nunc
982 2332 1182 2398 Lami,
1222 2329 1331 2389 viri
1371 2329 1518 2388 docti
1560 2342 1618 2387 et
1650 2326 1943 2406 ingeniosi,
1987 2326 2190 2385 librum
2229 2328 2300 2386 de
2344 2330 2574 2410 Lingua

614 2421 848 2482 Etrusca
888 2423 1122 2499 (Saggio
1147 2424 1204 2478 di
1233 2423 1440 2496 Lingua
1467 2421 1682 2495 Etrqsca
1720 2418 1838 2476 To.
1867 2416 1979 2491 ΙΙ.)
2067 2418 2252 2494 Cey‘ae‚¹
2284 2421 2375 2479 vel
2402 2423 2572 2491 Cosa,

610 2513 689 2572 ad
714 2531 866 2572 mare
894 2510 1057 2588 supra
1101 2510 1360 2570 Herculis
1388 2523 1609 2587 portum
1640 2508 1776 2574 fitae,
1835 2508 1965 2582 Ceffa
2013 2507 2345 2599 Volcientiugn
2391 2511 2575 2574 Plinio

610 2599 773 2660 dietae
796 2599 895 2659 lib.
926 2601 1046 2665 111,
1081 2619 1138 2679 5,
1168 2604 1225 2666 8,
1267 2619 1301 2657 a
1334 2598 1501 2657 Volcis
1539 2597 1799 2656 videntur
1819 2597 1921 2654 effe
1953 2595 2240 2668 decinam
2281 2600 2572 2679 antiquum

612 2689 675 2750 id
714 2689 822 2749 fuit
866 2687 1103 2748 Etruriae
1141 2689 1434 2768 oppidum,
1478 2689 1623 2747 forte
1666 2687 1736 2746 ad
1780 2685 1955 2763 ipsum·
2009 2687 2253 2747 Clusium
2295 2689 2573 2770 originem

615 2780 831 2847 retulit,
869 2795 966 2838 aut
990 2778 1088 2838 sub
1116 2781 1460 2839 Clusinorum
1488 2779 1811 2858 potestatem
1840 2777 1976 2837 olim
2001 2778 2107 2837 fuit
2131 2801 2146 2837 :
2192 2780 2365 2841 Certe
2390 2802 2460 2842 ex
2480 2785 2570 2845 his
2678 2822 2687 2831 ·

613 2890 787 2931 uuum
807 2890 1011 2949 agmen
1037 2872 1334 2929 conflatum
1353 2870 1604 2929 videmus
1623 2869 1681 2929 in
1707 2868 1976 2948 Virgilio,
2052 2868 2232 2929 Ducit
2258 2871 2390 2931 illud
2413 2874 2574 2934 Mas-

614 2961 791 3024 ficus:
835 2960 929 3019 sub
955 2979 1067 3039 quo
1094 2960 1234 3019 adeo
1270 2961 1615 3019 Clusinorum
1656 2959 1774 3017 Lar
1818 2959 1921 3017 effe
1962 2957 2156 3016 debuit
2203 2960 2423 3040 Ofinias,
2469 2964 2571 3042 qui

612 3047 763 3110 infra
788 3069 848 3108 v.
874 3048 985 3128 655
1017 3063 1376 3108 memoratur.
1460 3049 1712 3107 Alterum
1743 3066 1946 3126 agmen
1970 3047 2045 3104 est
2070 3067 2143 3105 ex
2181 3049 2454 3127 Populonia
2480 3053 2574 3112 seu

514 3152 522 3161 '
615 3137 930 3218 Populonio
950 3153 1007 3197 et
1023 3159 1094 3197 ex
1119 3138 1293 3197 insula
1318 3140 1453 3198 Ilva
1469 3139 1567 3197 seu
1594 3139 1858 3204 AEthalia‚
1885 3157 2028 3196 nunc
2055 3137 2214 3206 Biha,
2254 3139 2306 3198 ei
2333 3142 2574 3217 objecta,

614 3233 893 3292 eoactum.
975 3230 1269 3307 Populonii
1295 3230 1459 3309 origo
1485 3231 1699 3290 incerta
1723 3231 1818 3288 est.
1848 3229 1965 3287 vid.
1999 3230 2158 3287 Serv.
2185 3231 2255 3289 ad
2282 3233 2337 3290 h.
2361 3233 2398 3291 l.
2427 3233 2574 3303 Ilva,

616 3321 975 3382 Etruscorum
1002 3321 1218 3379 colonia
1268 3321 1414 3399 (vid.
1438 3322 1705 3400 Stephan.
1730 3322 1792 3379 in
1821 3319 2074 3391 Αἰθάλη),
2112 3321 2246 3381 olim
2276 3323 2421 3391 aeris,
2442 3343 2576 3384 mox

615 3410 757 3471 ferri
781 3410 983 3472 fodinis
1009 3411 1371 3470 nobiliflima:
1437 3411 1552 3472 vid.
1599 3409 1800 3469 Strabo
1826 3409 1906 3474 V,
1950 3428 2008 3484 p.
2054 3429 2184 3487 342.
2226 3410 2465 3471 Diodor.
2493 3413 2578 3481 V.

622 3520 694 3579 13
730 3516 786 3560 et
814 3502 885 3559 al.
930 3500 1074 3579 apud
1106 3501 1337 3559 Cluver.
1385 3501 1516 3560 Ital.
1561 3520 1699 3579 pag.
1731 3519 1853 3579 502·
1877 3497 1996 3576 sqq.
2039 3515 2096 3557 et
2125 3501 2284 3559 Serv.
2323 3503 2393 3560 ad
2423 3504 2481 3563 h.
2527 3506 2576 3565 l.

617 3589 789 3649 Mille
813 3588 962 3648 viros
1002 3592 1131 3666 Pisa
1173 3589 1435 3647 adductos
1476 3588 1726 3647 videmus
1753 3608 1812 3646 v-
1859 3594 2184 3668 175-180,
2267 3591 2442 3651 Pisam
2477 3613 2576 3652 au·

612 3692 733 3746 tem
751 3680 896 3739 inter
921 3681 1081 3739 urbes
1102 3701 1134 3737 a
1161 3680 1400 3758 Pelasgis
1428 3696 1486 3738 et
1516 3677 1912 3759 Aboriginibus
1938 3677 2214 3738 habitatas
2237 3683 2423 3759 paullo
2442 3698 2575 3744 anto

613 3771 859 3831 vidimus
889 3791 903 3828 ε
974 3785 1034 3828 ut
1068 3770 1208 3827 adeo
1243 3770 1388 3827 inter
1429 3769 1819 3848 antiquiffimas
1858 3767 2011 3826 illam
2049 3768 2204 3828 fuisse
2239 3774 2446 3832 neceffe
2485 3774 2572 3834 sit.

615 3863 962 3942 Lycophron
1002 3860 1146 3938 ipsos
1202 3861 1392 3939 Lydos
1445 3860 1687 3919 advenas
1733 3858 1913 3919 Pisam
1959 3863 2248 3939 occupasse
2293 3864 2464 3923 tradit
2506 3885 2570 3923 v.

624 3970 799 4033 1359,
849 3951 1001 4030 quod
1044 3970 1115 4009 ex
1159 3951 1416 4027 opinione
1463 3965 1712 4009 veterum
1755 3951 1827 4007 de
1873 3950 2227 4011 Etruscorum
2272 3973 2344 4013 ex
2387 3954 2577 4031 Lydia

615 4042 840 4120 origine
880 4040 1320 4118 intelligendum.
1403 4039 1562 4098 Fecit
1600 4056 1784 4098 tamen
1823 4038 2176 4116 scriptoribus
2222 4042 2475 4105 fraudem
2517 4055 2578 4106 et

616 4136 737 4198 haec
765 4133 1000 4195 nominis
1020 4131 1338 4200 similitude,
1379 4147 1438 4190 ut
1465 4151 1495 4189 a
1520 4132 1640 4191 Pisa
1662 4131 1839 4190 Elidis
1867 4130 2141 4209 profeRos
2166 4131 2433 4203 dicerent,
2477 4135 2580 4216 qui

618 4223 799 4283 Pisam
823 4222 1060 4282 Etruriae
1080 4223 1379 4280 conderent
1408 4243 1425 4289 ;
1468 4221 1582 4279 vid.
1635 4221 1841 4280 Strabo
1866 4221 1946 4286 V,
1993 4240 2129 4299 pag.
2175 4242 2288 4299 340
2316 4225 2382 4282 B.
2431 4223 2576 4287 Plin.

616 4316 740 4382 111,
768 4335 822 4395 5.
867 4313 1060 4390 Justin.
1092 4312 1225 4376 XX,
1259 4333 1309 4368 1.
1354 4310 1528 4369 Solin.
1560 4309 1912 4387 8.Copiosius
1933 4329 1963 4367 e
1991 4312 2170 4369 nostro
2195 4318 2366 4388 poeta
2391 4314 2578 4393 perse·

618 4407 809 4484 quitur
839 4404 1079 4477 Rutilius
1106 4402 1241 4459 Itin.
1270 4400 1322 4466 I,
1365 4400 1472 4480 565
1501 4399 1580 4478 sq.
1663 4398 1843 4458 Addit
1870 4399 2070 4457 strabo
2094 4399 2245 4460 fuisse
2270 4422 2364 4463 eos
2389 4425 2459 4465 cx
2484 4405 2579 4475 iis,

616 4495 719 4574 qui
743 4495 1033 4554 Nestorem
1063 4491 1129 4549 ad
1152 4491 1313 4549 Ilium
1337 4489 1553 4568 sequuti
1569 4488 1626 4548 in
1648 4488 1831 4548 reditu
1849 4489 1941 4546 via
1961 4489 2377 4553 aberraverant.
2456 4497 2583 4556 Ho-

617 4609 804 4649 merus
832 4603 1016 4646 tamen
1046 4585 1255 4644 Pisatas
1297 4604 1407 4642 non
1444 4597 1844 4643 commemorat
1878 4583 2023 4642 inter
2055 4604 2173 4652 eos,
2211 4607 2350 4668 quoe
2375 4590 2582 4650 Nestor

618 4675 876 4736 adduxit.
958 4673 1123 4732 Adde
1171 4672 1441 4731 Serviana
1477 4672 1549 4732 ad
1586 4693 1645 4736 v.
1702 4691 1812 4752 ¹79
1843 4673 1905 4731 h.
1946 4673 2015 4741 1.,
2066 4675 2214 4735 unde
2238 4693 2395 4757 patet
2422 4682 2582 4758 plura

616 4765 773 4828 fuiffe
816 4768 1109 4843 poetarum
1153 4765 1245 4822 vel
1290 4763 1669 4823 historicorum
1696 4780 2015 4824 commenta
2053 4765 2127 4824 de
2170 4769 2305 4829 Pisae
2337 4770 2582 4850 origine.

618 4861 752 4923 Alia
777 4874 968 4918 tamen
993 4857 1053 4917 in
1076 4855 1275 4915 Servio
1301 4856 1517 4934 legerat
1544 4858 1658 4934 Jul.
1709 4857 1907 4916 Sabin.
1990 4858 2253 4937 Sequitur
2287 4881 2349 4918 v.
2392 4869 2581 4922 180—-

622 4951 737 5026 184
777 4948 940 5008 Astur
961 4965 1091 5006 cum
1112 4945 1372 5005 trecentis
1389 4965 1460 5004 ex
1487 4944 1678 5024 Agylla
1706 4944 1798 5005 seu
1826 4946 1982 5004 Caere
2007 4960 2066 5005 et
2091 4947 2289 5008 vicinia
2311 4948 2452 5010 locis
2477 4950 2581 5012 ad.

614 5037 820 5104 ductis,
859 5036 1068 5096 scilicet
1094 5056 1166 5096 ex
1190 5033 1343 5113 agris
1370 5053 1437 5093 ac
1462 5035 1603 5093 vicis
1629 5032 1782 5093 circa
1823 5035 2103 5094 Minionm
2141 5036 2368 5098 fluvium
2409 5044 2583 5118 (nunc

613 5130 916 5207 Magnam)
958 5127 1105 5186 haud
1125 5127 1293 5204 longe
1314 5146 1347 5184 a
1374 5124 1817 5194 Centumcelli33
1854 5124 2063 5204 exiguo
2087 5126 2382 5189 intervallo
2399 5131 2585 5191 versus

613 5222 971 5286 occidentem
994 5219 1105 5282 fuit
1132 5219 1406 5280 Gravisca
1431 5219 1522 5279 vel
1563 5219 1844 5295 Grawy'cae
1871 5238 1893 5288 ς
1959 5216 2103 5278 ultra
2149 5218 2471 5283 Minimum
2511 5224 2585 5283 ab

2347 5312 2586 5384 oriente.
