3475 6234
524 885 623 964 no
662 882 949 968 uranum
984 884 1069 962 vu,
1218 905 1292 989 ¹49

301 1101 335 1154 et
346 1085 453 1151 rescissa
465 1083 537 1149 Caeli
546 1083 689 1166 pudenda,
709 1083 793 1146 modo
807 1083 842 1142 ad
856 1099 975 1165 tempus,
994 1084 1071 1164 quod
1083 1084 1177 1148 onmia
1193 1086 1291 1155 deme,

302 1193 347 1246 trt,
366 1191 549 1238 revocarunt.

307 1345 309 1348 Ι
339 1269 383 1330 Ut
393 1285 487 1330 antem
499 1265 595 1329 Graeci
608 1265 734 1330 Cronum
744 1266 772 1326 in
782 1265 893 1326 ltaliam
904 1265 1095 1335 transferrent,
1116 1268 1200 1329 etiam
1222 1270 1285 1337 situs

301 1356 394 1423 ltaliae
413 1364 505 1421 versus
519 1358 823 1421 Greciae·occidentem
837 1379 885 1416 eos
904 1357 1038 1438 impulisse
1052 1358 1180 1429 videtum
1211 1363 1287 1423 Occi·

301 1451 403 1514 &mern
416 1449 488 1513 enim
501 1448 570 1510 locis
580 1446 687 1514 inferis,
709 1449 833 1526 adeoque
848 1449 982 1515 Tartaro,
1001 1451 1176 1527 quoCronus
1190 1451 1287 1511 detru-

301 1541 347 1603 sus
360 1542 506 1609 deduscit,
527 1529 675 1604 finitimum
698 1541 816 1601 credidit
835 1541 996 1622 antiquitas.
1035 1541 1110 1602 Hinc
1123 1542 1233 1604 lonium
1258 1557 1287 1603 et

303 1631 484 1695 Adriaticum
505 1652 584 1695 mare
602 1633 700 1710 Κρονίην
722 1637 777 1692 dae
800 1631 970 1709 appellatum
997 1629 1091 1690 videas
1111 1653 1139 1690 u.
1163 1653 1189 1690 c.
1208 1631 1285 1712 apud

304 1722 436 1800 Apollon.
445 1723 579 1803 IV‚5ro.
594 1728 650 1803 548
665 1738 693 1780 et
703 1723 752 1790 al.,
772 1738 799 1780 et
811 1721 1071 1800 Kianos‘Ps'asapud
1080 1721 1204 1799 AEschyl.
1216 1721 1286 1782 Pro-

304 1817 390 1879 meth.
401 1816 473 1897 836.
515 1815 639 1894 Juvabat
651 1834 761 1894 quoque
773 1815 803 1875 in
815 1830 925 1895 partem
937 1833 1038 1872 nornen
1052 1813 1127 1871 Latii
1142 1834 1159 1871 a
1171 1815 1286 1876 latendo

304 1905 426 1976 dodum,
446 1907 524 1986 quod
537 1905 572 1966 ad
583 1907 709 1967 Cronum
723 1904 794 1969 trahi
809 1921 930 1983 poterat,
950 1903 999 1983 qui
1014 1905 1115 1980 Jovem
1127 1904 1238 1982 fugiens
1248 1925 1284 1968 eo

306 2011 429 2060 tenent.
450 1997 537 2064 Vlll,
551 2016 608 2076 320
622 1998 708 2055 Arma
719 1995 805 2073 Jovis
815 2001 925 2077 fugiens
937 2012 963 2054 et
980 1991 1064 2074 regnis
1083 1994 1147 2053 exul
1165 1999 1284 2056 aderatis.

304 2087 348 2151 lix
361 2087 586 2149 hismauifestum
596 2090 637 2158 lit,
650 2106 706 2167 quo
715 2101 756 2146 tot
765 2087 908 2152 dudormn
918 2085 1041 2146 virorum
1050 2083 1155 2148 somnia
1173 2080 1208 2149 ex
1221 2104 1284 2167 ety-

305 2200 350 2240 aro
362 2180 439 2242 vocis
451 2180 535 2241 duaa
547 2180 684 2247 recidant,
703 2180 790 2240 etiam
810 2178 901 2239 suavis
923 2179 971 2239 illa
993 2178 1187 2258 interpretatio
1206 2182 1284 2249 vocis

304 2271 414 2333 chira
423 2291 487 2332 eum
499 2272 584 2331 Latio
591 2288 765 2350 comparata.

339 2361 557 2441 Receptusinde
566 2364 604 2420 est
615 2363 748 2420 Saturnus
761 2361 791 2419 io
806 2359 930 2420 Annales
944 2373 1085 2437 tamquam
1099 2365 1185 2436 gentis
1198 2365 1285 2421 conali-
1327 2382 1330 2386 ’
1429 2342 1436 2368 ‘

303 2464 352 2518 aar,
371 2466 402 2510 et
420 2452 520 2529 legum
542 2450 663 2530 vitaque
686 2450 805 2509 mitioris
828 2451 922 2507 audior
942 2467 1048 2526 rexque
1062 2447 1137 2506 Latii
1147 2450 1285 2518 recutiu-

303 2562 383 2611 mou
403 2543 445 2603 uti
457 2544 547 2604 nullus
561 2541 643 2602 facile
655 2544 692 2601 est
704 2542 834 2621 populus,
854 2539 903 2618 qui
913 2559 968 2600 non
978 2539 1054 2598 idem
1067 2537 1221 2615 symbolica
1232 2561 1283 2605 no·

302 2633 377 2695 uina
388 2652 441 2713 pro
454 2633 542 2713 stirpis
556 2633 607 2692 suae
619 2633 775 2694 audioribus
786 2632 926 2694 habuerit,
954 2629 1155 2690 Difficultatem
1169 2652 1202 2691 ae
1220 2653 1282 2693 mo-

302 2723 410 2784 letiam
433 2723 498 2785 seuit
515 2743 582 2786 mox
605 2723 781 2802 scriptoribus
795 2723 897 2800 Janus,
917 2741 1001 2800 quem
1014 2737 1042 2780 et
1055 2719 1145 2798 ipsum
1165 2723 1284 2785 mitioris

281 2817 285 2825 '
306 2813 374 2874 vitae
386 2813 458 2874 inter
468 2832 574 2876 veteres
589 2816 675 2877 Italos
684 2810 822 2876 autumem
836 2813 971 2873 traditum
978 2811 1122 2873 videbant.

343 2904 494 2983 13qu
505 2907 552 2967 hic
569 2905 669 2984 etipse
682 2905 756 2964 inter
773 2906 884 2983 mythos
906 2904 1020 2963 Latinos
1033 2900 1192 2962 referendus
1205 2902 1285 2964 deus-

299 3015 360 3075 que
372 3014 468 3057 eorum
480 2996 656 3059 domesticus.
696 2998 767 3057 Nam
780 2996 832 3055 tibi
840 3013 895 3074 par
907 2993 1002 3055 nullm
1016 2995 1122 3051 Gracia
1134 3016 1223 3052 amaea
1234 2994 1285 3054 ba.-

301 3084 353 3153 der,
373 3084 415 3145 ait
428 3086 516 3146 Ouid.
531 3087 545 3144 I
560 3088 631 3147 Far.
644 3106 701 3166 90;
721 3108 772 3146 nec
785 3087 895 3153 dubito,
914 3104 979 3145 eum
992 3083 1028 3141 ab
1036 3082 1195 3144 initiouihil
1209 3080 1286 3143 aliud

302 3196 384 3255 quam
398 3177 478 3238 almae
502 3194 618 3247 naturae,
637 3179 811 3255 exsultaque
825 3177 883 3254 ejus
898 3175 1009 3236 dotibus
1035 3173 1110 3240 vitae,
1129 3174 1285 3252 symbolum

300 3268 413 3347 aliquod
435 3267 524 3329 luisse.
564 3271 663 3347 Itaque
687 3270 716 3328 in
741 3268 893 3329 Saliaribus
918 3265 1086 3327 carminibus
1095 3269 1209 3326 darm
1223 3271 1286 3331 daus

300 3359 432 3419 audiebat
449 3359 598 3436 (Macrob.
614 3362 641 3428 1,
650 3363 682 3438 9)
699 3378 840 3439 tamquam
863 3357 1032 3438 principium
1054 3376 1144 3417 rerum
1159 3359 1285 3438 adeoque

300 3450 385 3512 etiarn
397 3452 528 3509 deorum.
567 3451 740 3510 Tradndlum
765 3450 831 3516 inde
849 3447 1005 3527 symbolum
1019 3446 1054 3506 ad
1074 3449 1129 3506 alia
1149 3465 1284 3527 cognata,

303 3553 332 3597 ut
343 3538 503 3619 defignaret
516 3538 640 3599 omnium
651 3560 743 3599 rerum
755 3538 837 3599 initia
849 3554 879 3596 et
892 3537 1027 3616 origines,
1047 3557 1114 3598 mox
1137 3559 1230 3598 rerum
1243 3539 1286 3598 vi·

303 3646 361 3698 cet,
378 3643 517 3704 tempora,
538 3647 639 3688 annum
650 3629 760 3708 ejusque
775 3627 906 3689 vertentis
919 3629 945 3686 se
956 3648 1027 3686 nova
1041 3628 1168 3699 exordia,
1188 3628 1286 3700 mundi

298 3738 411 3799 qnoque
423 3717 471 3777 seu
482 3717 548 3776 eali
559 3733 649 3778 ortum
660 3737 686 3777 et
696 3717 835 3785 occasum,
855 3731 884 3776 et
907 3718 943 3776 fic
966 3738 1070 3796 porro:
1091 3718 1131 3776 ita
1149 3719 1234 3787 enim,
1255 3736 1286 3780 ut

250 3811 252 3814 ’
302 3808 430 3871 int-arios
444 3806 613 3885 significatus
627 3807 999 3887 symboladetorquerentur,
1018 3808 1075 3884 ipsa
1091 3829 1133 3867 res
1148 3829 1180 3867 ae
1193 3813 1286 3873 neces-

304 3901 363 3961 litas
373 3897 494 3958 serebat.
520 3897 565 3956 lta
574 3897 661 3975 ipsum
670 3899 848 3978 complexum
859 3898 972 3956 siderum
984 3912 1013 3955 et
1022 3899 1120 3959 calum
1135 3899 1286 3980 designasse

304 3987 437 4053 dicandus
451 3986 602 4047 secundum
617 3987 760 4050 Messalam
785 4010 830 4066 ap.
848 3988 980 4051 Macrob.
1003 3989 1023 4049 1.
1043 4008 1083 4054 o.‚
1102 3989 1190 4066 ipsum
1202 3996 1286 4060 chaos

304 4093 332 4138 et
348 4098 385 4137 ex
398 4097 435 4136 eo
459 4091 522 4137 orta
539 4088 633 4136 rerum
648 4077 732 4136 facies
754 4078 829 4157 apud
843 4078 978 4145 Ovidium
991 4077 1021 4136 in
1034 4079 1056 4139 F
1058 4079 1105 4138 ast.
1117 4080 1131 4136 Ι
1144 4102 1189 4159 pr.
1203 4085 1287 4149 Plura

300 4168 367 4237 alia,
381 4166 467 4226 etiam
481 4166 633 4227 multarum
644 4187 736 4227 retum
747 4167 873 4234 inventa,
884 4167 919 4226 ad
931 4169 1031 4244 Janum
1043 4170 1162 4227 retulere
1174 4171 1288 4236 seriores

301 4255 453 4320 muodo
463 4254 706 4318 Grammaticised
722 4256 807 4319 etiam
818 4256 963 4335 scriptores
976 4257 1107 4325 Romani,
1121 4274 1150 4315 ut
1164 4278 1199 4319 ex
1213 4263 1287 4322 Ovi.

304 4345 343 4406 dii
352 4346 421 4407 Fau
435 4345 485 4406 lib.
499 4347 515 4406 1
530 4344 650 4424 intelligi
663 4347 761 4422 potest,
774 4346 877 4425 partim
891 4367 983 4404 rerum
998 4346 1172 4406 similitudine
1184 4351 1287 4426 partim
1377 4344 1379 4353 ἱ

302 4436 422 4497 matrinis
434 4435 548 4515 origine
562 4434 600 4495 ab
618 4439 695 4493 eundo
706 4436 828 4514 repetita
840 4437 955 4494 inducti.
976 4436 1013 4494 cs.
1030 4436 1161 4494 Macrob.
1190 4437 1248 4498 Sat.
1261 4439 1288 4512 l,

303 4547 334 4608 9.
356 4527 435 4586 Serv.
444 4527 481 4587 ad
494 4528 563 4588 AEn.
573 4526 646 4592 Vll,
659 4525 718 4585 610
729 4539 757 4609 et
771 4527 806 4585 al.
846 4526 931 4604 Quod
944 4526 1011 4584 belli
1023 4526 1151 4603 pacisque
1166 4527 1289 4592 habeba·

307 4617 472 4686 turarhiter,
493 4634 587 4677 ortum
601 4615 674 4676 sorte
698 4635 753 4677 non
774 4616 885 4676 aliunde
899 4615 1008 4682 habuit,
1027 4636 1110 4693 quarn
1134 4619 1208 4694 quod
1229 4623 1290 4697 ejus

308 4710 403 4794 religio
424 4723 489 4773 erat
513 4705 716 4786 antiquissima:
747 4707 818 4771 unde
838 4707 1005 4773 invaluerat,
1038 4721 1068 4768 ut
1092 4708 1166 4769 bello
1186 4711 1291 4860 indlielo

1157 4813 1232 4882 temp
1244 4823 1291 4869 um
