3475 6234
389 862 393 869 '
1449 868 1456 886 ι

278 938 281 947 Ι
414 916 417 922 .

582 959 591 973 ἢ

336 1005 342 1016 Ι

274 1047 289 1079 ΙΙ

418 1088 425 1102 ⁰

557 1182 642 1264 ιιιι
684 1176 949 1261 urinum
986 1143 1091 1264 vitr.
1237 1197 1307 1288 ιιι·-
1363 1259 1367 1266 .

373 1391 492 1454 Inferior
504 1390 631 1452 Homero
644 1389 673 1449 io
685 1391 740 1450 hoe
757 1388 845 1450 Maro
865 1387 914 1456 ess,
934 1387 1021 1467 quod,
1042 1399 1072 1447 nt
1087 1385 1145 1467 jam
1168 1405 1186 1448 t
1212 1387 1314 1450 Servio
1359 1400 1365 1423 ¹
1462 1454 1464 1464 ,

332 1481 518 1551 observatum,
536 1481 593 1542 illic
605 1480 723 1563 fingula,
742 1483 890 1557 damfiuet,
909 1493 1076 1539 narrantur:
1109 1479 1152 1539 hic
1170 1502 1235 1540 vtro
1251 1489 1315 1558 pei·-

322 1579 397 1659 seeie
404 1591 476 1654 opere
488 1576 635 1651 neferretur.
673 1574 745 1631 Nam
757 1588 783 1631 er
791 1572 834 1629 hr'c
844 1592 923 1631 arma
931 1576 1007 1647 prius
1019 1575 1114 1648 accepit
1126 1568 1230 1630 AErtear
1238 1577 1317 1652 quai

295 1672 476 1746 specimen
505 1667 543 1726 ibr
539 1671 699 1745 ’,ριθᾳιιιιιι
712 1671 921 1725 ιιιιιιίιιιιιιιιιιιιι
931 1667 1008 1740 suet,
1027 1666 1069 1744 fic
1087 1688 1107 1723 a
1121 1664 1229 1726 Thetide
1240 1670 1316 1744 dfe

332 1777 425 1819 ιιιιιιι
435 1762 476 1818 ad
482 1757 619 1817 Achillem
660 1757 731 1835 Qae
747 1755 790 1814 bis
815 1753 925 1829 subjicit
946 1754 1001 1814 alia
1028 1756 1156 1823 Servius,
1173 1766 1228 1817 uon
1247 1764 1316 1836 pro·

332 1849 425 1909 banda
437 1848 554 1908 censeo
575 1866 686 1912 verum,
705 1865 770 1904 cum
784 1844 820 1903 ab
833 1845 961 1905 Homero
972 1845 1088 1904 alteram
1108 1846 1243 1906 rationem
1263 1863 1315 1906 oc·

334 1955 464 2019 cupatam
488 1937 607 2005 videret,
628 1936 696 2015 quid
716 1935 819 1996 faceret
833 1935 930 2002 Maro,
950 1933 1010 2002 nio,
1031 1948 1073 1999 ut,
1092 1933 1113 1993 st
1131 1934 1199 2014 quid
1212 1941 1317 1998 novare

335 2034 459 2100 volebat,
478 2031 555 2110 qnod
568 2029 664 2109 utique
677 2028 808 2095 debebat,
828 2025 864 2085 ad
886 2027 1003 2087 alteram
1022 2026 1067 2085 vel
1088 2026 1192 2087 inuitur
1204 2027 1317 2090 desten·

309 2185 312 2193 ,
335 2121 423 2190 deret,
442 2135 625 2199 narraretque
648 2120 719 2178 adeo
741 2137 775 2178 ac
797 2134 891 2199 potrus
903 2116 1081 2184 describeret
1100 2137 1162 2196 qoae
1170 2139 1230 2196 Jam
1243 2119 1317 2180 faeta

335 2227 423 2273 erant.
463 2212 518 2269 Sed
532 2206 614 2270 baee
602 2226 661 2284 Jam
675 2208 755 2285 dode
772 2227 806 2268 ac
819 2204 955 2266 subtiliter
970 2205 1096 2286 exposuit
1114 2207 1294 2292 Lellingiut
1284 2229 1317 2271 ιι

335 2301 509 2396 hummep.
529 2305 584 2376 184
595 2298 656 2379 sqq

358 2380 532 2472 Pugnatum
545 2391 636 2468 clipeo
650 2387 821 2465 exsculptam
838 2388 982 2447 Romanor
997 2389 1083 2466 poeta
1094 2387 1213 2470 egregie
1225 2388 1321 2451 varie*-

337 2481 388 2550 tit,
408 2484 514 2540 sicum
532 2478 688 2539 Homerico
710 2492 739 2536 et
755 2476 895 2537 llefiodeo
917 2478 1007 2556 clipeo
1028 2497 1182 2556 comparer.
1222 2479 1317 2541 Greci

237 2559 240 2567 ¹
313 2592 317 2600 ·
337 2570 484 2651 poetaetllo
495 2585 609 2649 ant1quo
621 2570 745 2628 sermone
758 2569 907 2646 praeclare
899 2589 930 2627 ιιι
941 2568 996 2627 hoe
1019 2569 1157 2636 oberant,
1177 2583 1208 2629 ut
1214 2570 1317 2647 Ἐςιδιι,

338 2670 421 2740 stiga,
441 2662 529 2728 Φόβοι,
547 2657 577 2717 in
591 2659 648 2718 acie
660 2656 863 2717 constituerent.
904 2657 1094 2717 Redditahaee
1109 2658 1166 2737 ipsa
1185 2674 1232 2720 eut
1245 2659 1318 2720 limi·

336 2750 374 2814 ba
383 2749 527 2827 sculptoris
542 2766 601 2808 arte
613 2750 721 2809 fuerunt
731 2747 760 2805 in
773 2746 887 2826 Cypseli
900 2767 965 2807 area
978 2747 1053 2827 apud
1068 2747 1238 2815 Pausaniam,
1256 2754 1320 2826 que

338 2839 478 2920 flgillatim
486 2839 552 2898 olim
561 2838 742 2897 accuratiora
755 2856 800 2894 me
813 2837 937 2914 exposita
949 2836 1028 2896 sunt:
1060 2834 1197 2916 Virgilius
1205 2846 1330 2917 pugna&

337 2931 461 2993 ewulm
477 2927 611 2989 substituit
622 2944 651 2989 et
664 2928 700 2986 ab
713 2926 849 3005 Apolline.
858 2927 974 2986 Asiiaeo
986 2925 1102 3008 propria
1119 2947 1209 2988 rerum
1231 2947 1318 3009 argu·
1444 2922 1453 2934 ’

339 3037 432 3082 menta
444 3020 547 3101 petivit
556 3020 636 3078 verss
650 3019 706 3097 677
719 3016 815 3094 sqq
830 3046 835 3057 .

375 3110 471 3170 Cum
462 3129 492 3170 tn
502 3109 545 3167 bis
555 3107 709 3186 Virgilium
720 3108 765 3164 vel
777 3104 925 3166 defendam
939 3107 983 3165 vel
1001 3103 1150 3166 excusem.
1180 3105 1218 3164 est
1231 3104 1318 3176 aliud,

337 3204 412 3289 qnod
421 3203 457 3262 ab
466 3201 527 3261 aliis
538 3221 593 3259 non
604 3199 796 3281 reprehensum
810 3199 904 3268 video,
924 3198 979 3278 ipse
993 3220 1067 3279 aegre
1081 3200 1150 3259 sero.
1190 3196 1223 3279 ln
1232 3220 1318 3259 rem

337 3293 440 3355 scilicet
452 3292 557 3359 dilatio,
578 3310 646 3370 quas
657 3291 685 3348 in
698 3290 790 3368 clipeo
800 3289 954 3369 exsculptae
966 3290 1056 3358 dedit,
1066 3307 1173 3349 certum
1180 3287 1321 3364 judicium·

340 3384 389 3443 vix
412 3383 541 3460 sequutus
558 3380 648 3446 videri
670 3381 784 3465 potcst-
809 3378 921 3438 Omissis
943 3378 1017 3438 enim
1039 3381 1128 3438 multo
1153 3377 1330 3439 clarioribus

339 3471 436 3534 raetis
427 3472 549 3531 intexuit
562 3471 704 3538 nonnulla,
724 3490 786 3547 qua
804 3469 965 3571 quomodo'
957 3486 1031 3528 tnter
1044 3469 1194 3549 infigniom
1212 3470 1320 3529 Roma-

340 3563 522 3622 norumsatia
535 3563 580 3618 vel
604 3560 663 3617 sata
676 3558 771 3617 referri
794 3559 935 3635 potuerint
948 3579 1003 3617 non
1017 3562 1160 3638 assequor:
1189 3573 1220 3618 ut
1233 3557 1327 3622 Meti}
1455 3599 1458 3604 -

340 3650 453 3712 suffetii
481 3649 657 3729 supplicium,
690 3649 764 3728 quod
789 3648 929 3729 quomodo
955 3649 1102 3709 defendam
1129 3669 1185 3709 non
1210 3649 1317 3709 babeo:

339 3739 446 3801 etiamsi
457 3738 565 3817 dixero,
585 3739 659 3798 Alba
673 3740 765 3797 diruta
778 3741 898 3799 Romam
920 3739 1037 3818 insignia
1050 3740 1245 3820 consequutatn
1266 3739 1324 3801 esse

339 3830 521 3895 incrementa,
540 3846 568 3887 et
582 3829 738 3887 studitatem
751 3826 908 3907 spedaeuli,
928 3829 963 3886 ad
977 3829 1096 3888 nostrum
1107 3828 1209 3888 sensum
1222 3830 1328 3894 intole

289 3951 293 3960 ·
340 3920 466 3987 rabilem,
486 3919 585 3996 asperis
596 3934 624 3977 et
633 3919 804 3997 gladiatoriae
816 3938 917 3999 pugne
930 3918 1047 3977 adsuetis
1057 3919 1247 3978 Romanorum
1258 3919 1321 3979 mi·

340 4011 391 4074 ruis
403 4007 495 4071 minut
516 4009 660 4084 displicere
679 4010 803 4087 potuisse.
842 4009 1020 4087 Religionum
1044 4008 1169 4085 majestas
1189 4009 1325 4071 excusare
1389 4012 1392 4017 ⁴

256 4158 260 4170 ,
341 4100 410 4162 forte
431 4103 519 4179 potesl
544 4102 681 4160 Saliorum
706 4101 840 4203 tripudia,
882 4101 1075 4202 Lupercorum
1101 4099 1322 4168 discursationet.

336 4205 527 4254 'matromrum
540 4210 690 4270 pompam,
710 4191 738 4249 in
748 4192 783 4250 iit
797 4207 891 4249 tamen
903 4190 982 4248 nimir
996 4191 1084 4268 presse
1098 4204 1126 4249 et
1137 4193 1321 4273 angustcHo·

341 4303 447 4344 merum
458 4283 600 4341 aemulatus
613 4278 665 4340 esse
679 4280 800 4348 videtur,
821 4283 912 4359 qui
883 4301 912 4338 v
932 4299 988 4359 90
997 4280 1113 4342 chorum
1125 4284 1323 4391 elegantissime

341 4375 494 4435 effinxerat.
535 4371 668 4430 Anserem
679 4371 840 4431 volitantem
861 4371 1030 4441 dormiisset,
1049 4377 1207 4454 crgumenti
1225 4363 1326 4454 majos

342 4465 393 4524 tati
407 4463 446 4522 ad
457 4464 576 4521 nostrum
587 4461 690 4519 sensum
709 4461 806 4521 melius
819 4461 1001 4522 consuluisset.
1040 4463 1218 4545 intercipitur
1236 4478 1330 4545 porro

341 4549 714 4630 toturargnmenti-Romtni
723 4568 803 4611 tenor
814 4553 895 4611 rebus
908 4550 1003 4611 inserit
1019 4550 1197 4631 iuterpofitin
1216 4555 1267 4614 ets
1280 4555 1325 4616 vi·

342 4643 404 4710 deo,
425 4642 494 4720 qnid
507 4641 592 4701 imnis
605 4641 683 4720 sequi
693 4640 818 4720 potuerit
830 4645 922 4721 poeta.
961 4641 1062 4703 Voluit
1070 4642 1282 4704 forte'Catilina
1293 4646 1330 4708 et‘

343 4735 457 4797 Catones
470 4730 632 4800 meminisse,
653 4748 769 4811 quotum
784 4733 923 4794 alterum
915 4754 945 4793 ιιι
966 4718 1061 4795 inserit
1081 4732 1214 4797 scelerum
1226 4756 1333 4815 ptem

342 4823 421 4890 luere
428 4823 528 4905 paret
540 4821 665 4882 eredere.
705 4822 819 4882 Sunt
783 4841 879 4882 ettam
874 4821 961 4883 Τιιιιὲ
953 4836 994 4881 tta
1003 4823 1103 4902 posita,
1121 4837 1153 4883 nt
1169 4824 1253 4902 clipei
1271 4844 1325 4888 ex

342 4904 688 4984 monmeliant,
687 4912 939 4989 terminmedien
948 4911 1072 4975 mian*
1075 4914 1162 4976 bne
1172 4914 1395 5071 mig
