3475 6234
585 825 679 952 nn
724 870 1009 950 ultanum
1056 872 1153 949 xu.
1293 892 1366 976 7¹5

374 1064 552 1147 scriptoribus
560 1070 659 1130 litteris
679 1070 799 1149 prodita,
818 1066 950 1128 memoria
962 1067 997 1126 ad
1010 1069 1189 1149 posteritatem
1202 1069 1358 1151 pertulerat,

375 1175 504 1238 tamquam
514 1164 618 1241 staden
632 1167 694 1241 jam
706 1162 741 1218 ab
753 1169 822 1217 initio
841 1163 991 1235 constiturum
1004 1153 1163 1220 memoravit
1174 1176 1201 1219 et
1213 1158 1359 1219 commodo

374 1248 572 1310 locointetuit.
610 1249 841 1324 CeffeteTrojani
855 1249 884 1305 in
898 1248 1060 1307 Latinorum
1076 1270 1185 1310 nomen.
1229 1251 1302 1308 Cum
1317 1267 1356 1304 ra-

376 1355 438 1394 men
447 1339 556 1407 AEneas,
574 1340 641 1399 dum
654 1339 754 1398 viveret
765 1337 888 1403 Latinus,
908 1335 968 1393 suot
981 1337 1116 1411 Trojanos
1128 1338 1258 1397 discretos
1270 1338 1307 1394 ab
1322 1335 1359 1394 ii·

379 1424 504 1498 baberet,
523 1449 701 1490 necemcum
716 1423 919 1502 Aboriginibus
938 1426 1071 1492 misceret,
1091 1427 1140 1484 nist
1163 1448 1197 1486 ex
1217 1448 1272 1506 quo
1287 1433 1364 1483 Lan-

376 1534 428 1574 uua
440 1518 530 1576 vivere
541 1519 669 1577 desierat:
699 1515 835 1592 expesiari
848 1531 965 1590 poterat,
987 1514 1097 1571 Latinos
1111 1517 1201 1593 potius
1213 1519 1241 1576 in
1258 1518 1361 1592 Troja-

379 1623 479 1665 norum
492 1627 590 1665 nomen
604 1606 725 1663 abituros
735 1604 794 1660 effe.
835 1601 991 1658 Obscurum
1009 1610 1056 1668 est,
1076 1623 1130 1679 qua
1143 1605 1246 1662 ratione
1260 1609 1289 1662 id
1303 1608 1362 1662 iac-

378 1705 438 1751 tum
451 1694 493 1761 sit,
512 1711 540 1753 et
552 1694 662 1755 diversis
680 1694 770 1750 modis
790 1689 891 1749 factum
916 1688 943 1745 io
958 1706 1089 1748 narratur.
1130 1693 1259 1751 sollerter
1271 1694 1363 1770 itaque

380 1779 523 1840 inventum
533 1803 548 1838 a
556 1790 651 1861 poiita,
671 1798 699 1838 ut
708 1779 818 1837 funderis
829 1778 864 1835 de
878 1779 949 1834 bello
965 1799 1012 1854 per
1024 1796 1158 1837 certamen
1173 1783 1304 1860 singulare
1315 1782 1363 1839 di-

380 1869 505 1929 rimendo
517 1870 722 1930 conditionibus
734 1869 790 1925 haec
810 1874 1042 1924 constituerentur.
1083 1868 1264 1928 Concitiones
1278 1873 1363 1950 igi-ur

381 1959 581 2020 haehabcudaez
613 1961 722 2038 Trojani
738 1962 806 2014 vitii
824 1977 888 2033 agro
909 1957 1064 2012 Laurentum
1082 1974 1228 2028 executum
1258 1973 1367 2020 victum

381 2057 516 2131 aeqrtojtere
527 2075 582 2113 cum
594 2051 695 2109 Latims
704 2063 824 2112 attentam
845 2047 953 2102 Latinus
966 2061 1091 2121 rupertum
1104 2074 1124 2102 tt
1130 2057 1304 2128 surnrnuujus
1314 2052 1366 2109 ba-

382 2141 452 2201 beto:
473 2143 662 2220 relegionessuas
674 2140 782 2218 frojam
790 2138 890 2194 Latinis
902 2141 1075 2211 impertitura:
1096 2142 1221 2195 contenda
1231 2140 1291 2197 urbi
1300 2141 1366 2198 locut

382 2231 502 2309 Ynjanis
516 2230 660 2308 affignotor.
700 2225 763 2301 Jam
783 2226 839 2281 haec
863 2242 917 2283 non
937 2222 990 2279 tine
1012 2225 1089 2281 omni
1108 2226 1222 2284 historin
1245 2230 1364 2286 auctu-¹„

384 2335 442 2381 tate
453 2338 470 2375 a
483 2326 566 2396 poeta
574 2318 624 2378 esse
636 2317 708 2384 ficta,
726 2334 760 2372 ex
774 2314 808 2372 iis
819 2316 996 2390 inteutguur,
1015 2335 1086 2390 quae,
1104 2316 1151 2373 etfi
1164 2319 1233 2379 inter
1245 2321 1365 2378 diuersae

382 2423 542 2471 eaeterarum
556 2427 643 2467 rerum
656 2404 831 2471 narrationes,
851 2403 886 2460 de
898 2422 962 2480 pate
971 2421 999 2460 et
1011 2405 1112 2461 tundere
1124 2405 1194 2464 inter
1212 2410 1325 2467 AEneatn
1337 2423 1367 2468 ee

384 2496 514 2554 Latinum
524 2494 594 2554 inito
604 2495 704 2553 tradita
715 2492 841 2570 legimus.
882 2494 964 2568 Apud
980 2493 1141 2567 Dionysium
1155 2495 1181 2564 1,
1195 2519 1229 2576 59
1241 2518 1275 2554 ex
1286 2520 1365 2558 com-

384 2586 462 2647 muni
485 2585 752 2652 commemoratione,
784 2601 866 2659 quam
889 2581 929 2638 ibi
949 2582 1074 2657 exponit,
1107 2601 1169 2642 anre
1192 2591 1361 2665 congressum

385 2676 523 2753 utriusque
534 2678 668 2735 exercitus
678 2674 765 2732 foedus
775 2671 876 2730 iactum
891 2670 960 2728 iuter
969 2673 1085 2732 AEoeam
1094 2691 1121 2731 et
1135 2674 1263 2736 Latinum
1276 2679 1306 2736 in
1320 2683 1369 2738 bar

385 2767 476 2844 leges:
498 2780 527 2824 ut
540 2763 658 2840 Trojani
670 2763 824 2840 acciperent
838 2777 941 2821 tantum
953 2762 1024 2838 agri,
1044 2782 1175 2841 quantum
1191 2787 1207 2822 a
1219 2770 1289 2826 colle
1309 2769 1368 2841 (cui

384 2853 532 2917 Lavinium
545 2852 710 2931 impositum)
725 2870 835 2927 quoquo
845 2849 947 2907 versum
960 2853 1084 2910 euntibus
1096 2855 1178 2913 studia
1190 2856 1301 2917 circiter
1311 2856 1368 2915 XL

386 2959 505 3022 parerem
538 2957 567 3003 ut
590 2961 670 3020 porro
684 2954 776 2997 mutua
798 2941 869 2997 inter
882 2939 910 2994 T
912 2942 1018 3014 rojanos
1029 2958 1055 2998 et
1070 2943 1181 3001 Latinos
1193 2963 1219 3000 tr
1232 2947 1370 3024 praesentit

387 3030 454 3101 belli
465 3031 588 3089 adversor
601 3031 716 3087 Rutulos
727 3046 754 3085 et
766 3043 923 3085 caeterorutn
938 3028 1069 3087 bellorum
1078 3032 1138 3088 ess'ct
1151 3033 1273 3103 societas,
1285 3050 1370 3112 utque

387 3137 545 3176 communes
556 3117 683 3181 utilitates
695 3115 801 3190 utrique
811 3130 839 3170 et
853 3134 931 3172 manu
954 3131 981 3172 et
994 3118 1107 3175 consilio
1120 3123 1299 3180 communiter
1310 3143 1370 3200 per.

387 3206 568 3282 sequerentur.
609 3205 702 3269 Prima
716 3201 839 3260 conditio
852 3205 903 3265 hoc
916 3205 979 3266 loco
989 3206 1094 3274 omissa,
1113 3227 1175 3265 cum
1186 3211 1242 3283 jam
1256 3217 1290 3269 ad
1302 3216 1370 3269 alto.

389 3294 446 3360 rior
457 3294 618 3364 narrationis
631 3313 731 3351 morem
742 3294 845 3350 deflexa
858 3293 916 3370 sup.
926 3294 977 3353 lib.
991 3294 1047 3362 xl,
1068 3318 1120 3377 3¹7
1135 3298 1194 3377 sqq.
1206 3321 1236 3359 ea
1249 3305 1310 3362 effer
1320 3323 1371 3362 a.

388 3385 490 3463 posita,
511 3383 555 3441 sed
563 3382 711 3443 amicitiam
724 3401 846 3440 mutuam
860 3384 978 3459 bellique
991 3385 1143 3446 societatem
1167 3406 1214 3455 sur
1237 3414 1372 3456 <omma

389 3474 464 3550 hostes
475 3478 605 3551 amicosque
615 3472 746 3539 haberent,
765 3471 803 3530 O.
812 3472 852 3530 G.
865 3472 901 3528 R.
921 3476 965 3544 13)
981 3474 1133 3532 accuratius
1147 3481 1228 3553 poeta
1240 3479 1371 3556 exsequn-

390 3575 434 3624 tur
452 3565 489 3620 est
515 3563 659 3620 secundum
682 3581 725 3628 ea,
743 3581 805 3637 quae
830 3560 931 3618 soedere
951 3561 1023 3618 s'atio
1040 3564 1151 3620 evenisse
1171 3585 1276 3624 narrata
1300 3579 1371 3628 sunt.

392 3649 450 3709 Dat
458 3651 549 3715 AEneae
563 3650 676 3708 Latinus
687 3649 772 3707 filiam
786 3648 931 3707 Lavinium
942 3650 971 3706 in
984 3651 1206 3711 matrimonium:
1228 3656 1303 3733 quod
1323 3676 1373 3714 er·

392 3740 512 3817 emplum
523 3738 626 3814 sequuti
638 3736 697 3805 alii,
715 3737 790 3796 brevi
804 3735 833 3793 in
847 3758 929 3795 unum
941 3739 1070 3815 populum
1084 3739 1249 3808 coalescunt,
1270 3746 1374 3821 Troja-

391 3826 462 3885 niet
477 3826 654 3902 Aborigines,
672 3825 824 3901 abeuntque
845 3825 874 3882 in
896 3845 993 3883 nomen
1015 3825 1184 3884 Latinorum.
1213 3830 1286 3888 conf.
1300 3831 1375 3888 Dio·

393 3915 452 3991 nys.
465 3915 490 3982 I,
503 3915 552 3974 60.
593 3915 700 3975 Partem
711 3915 805 3970 barum
816 3933 902 3971 terum
915 3915 1104 3989 interJunonis
1120 3918 1296 3994 precesJovis
1305 3936 1373 3979 nuru

393 4020 464 4063 ratas
476 4003 557 4061 satiat
571 4002 659 4061 retulit
673 4003 722 4060 lib.
743 4002 814 4070 xil,
836 4011 887 4060 821
905 4002 965 4079 sqq.
1003 4006 1070 4059 Cum
1079 4008 1141 4082 jam
1158 4006 1375 4084 connubiupaceae

384 4090 518 4174 semibus,
536 4095 593 4168 esto,
613 4091 855 4166 component—Neu
869 4092 1017 4164 'sroasfitri
1026 4091 1122 4169 jubeat
1142 4110 1195 4154 etc.
1235 4095 1373 4155 Caeterun

394 4180 453 4246 illa,
472 4198 533 4255 quae
545 4179 622 4256 supra
634 4176 663 4233 in
676 4179 750 4254 pacis
771 4179 975 4236 conditionibus
996 4178 1124 4246 vidimur,
1144 4196 1173 4238 ut
1186 4181 1298 4248 lautius
1320 4185 1374 4242 im

394 4267 463 4345 perii
477 4265 608 4323 summam
627 4264 763 4332 retineret,
782 4280 839 4323 turn
857 4267 929 4322 boc:
951 4284 979 4322 ut
993 4264 1151 4335 sermonem,
1170 4269 1304 4338 habitum,
1324 4291 1375 4328 no-

394 4375 457 4416 rnen
468 4354 503 4411 ab
518 4351 718 4432 Aboriginibus
729 4353 844 4429 Trojani
854 4352 1039 4420 adsciscerent,
1061 4353 1174 4431 respexit
1192 4356 1309 4432 poctain
1324 4357 1377 4417 Di·

395 4441 476 4500 donis
483 4441 548 4499 diris
559 4442 608 4499 lib.
623 4439 677 4507 lv,
688 4441 756 4508 618,
767 4462 829 4498 cum
840 4459 925 4518 pacem
936 4451 1046 4518 iniquam
1059 4458 1151 4510 vocat,
1169 4443 1215 4500 cui
1228 4443 1325 4502 AEneau
1346 4446 1374 4513 se

396 4529 618 4595 submissutursit.
660 4528 759 4588 Parum
773 4530 915 4591 uerisimile
927 4529 974 4597 cst,
994 4530 1068 4606 quod
1082 4528 1178 4590 Livius
1188 4531 1216 4602 1,
1242 4551 1258 4590 2
1273 4534 1373 4598 tradita

1264 4621 1375 4693 Numan
