3475 6234
526 854 639 936 ‘An
672 797 1066 942 nunnunivu.
1230 801 1356 964 ¹153*
1445 839 1450 846 ’

327 1059 375 1118 rix
396 1059 437 1119 ita
453 1059 483 1118 se
503 1055 605 1117 habere
625 1057 728 1136 potuit,
752 1079 816 1118 cnm
836 1060 913 1120 Latii
925 1081 981 1122 vox
1001 1061 1143 1142 antiquior
1162 1063 1221 1143 ipso
1242 1082 1312 1141 rego
1350 1139 1353 1146 Ι

327 1148 419 1217 inerit,
442 1149 518 1208 unde
539 1148 636 1207 Latini
654 1149 734 1210 dini.
774 1152 882 1211 Mirum
903 1155 952 1222 eii,
971 1154 1048 1231 quod
1066 1155 1137 1232 apud
1160 1156 1308 1215 Cononem

329 1237 443 1298 Narrat.
464 1260 480 1316 3
500 1237 636 1308 occurrit,
654 1239 702 1298 nbi
715 1239 833 1300 Latinus
850 1241 879 1299 in
899 1242 1057 1301 inferiorern
1072 1243 1194 1312 Italiam,
1213 1245 1309 1304 ndre-
1430 1244 1436 1260 ‘

329 1340 401 1386 rerer
413 1327 588 1408 Pelasgorum
598 1330 633 1386 ad
644 1328 765 1389 OEnotro
777 1330 956 1389 addustnrnrn
968 1331 1053 1400 sedes,
1072 1332 1214 1392 revincatur
1224 1353 1232 1391 :
1255 1334 1309 1394 fli-

328 1435 376 1475 ιω
389 1420 436 1479 iu:
448 1421 521 1479 {urm
541 1423 659 1497 Λινςίηι
679 1422 770 1480 locro
792 1422 907 1479 Alcinoi
930 1423 1008 1481 fratri
1030 1423 1138 1482 Italiam
1158 1440 1309 1486 extremm

329 1504 456 1565 infidenri
479 1510 644 1589 despondct;
678 1511 814 1569 occiditur
836 1526 949 1589 uterque
972 1513 1007 1569 ab
1040 1514 1161 1571 Hercule
1192 1513 1312 1592 hospite.

329 1591 442 1653 Scilicet
452 1597 567 1656 omnino
580 1597 676 1656 Graeci
687 1599 893 1676 mythographi,
913 1600 1019 1677 quoties
1038 1620 1127 1679 regum
1140 1601 1233 1659 Italici
1256 1600 1308 1660 soli

329 1683 468 1743 nominare
478 1687 587 1757 volunt,
606 1685 699 1746 Latini
712 1687 823 1746 nornine
835 1701 956 1746 utuntur.
997 1688 1049 1746 Pro
1062 1690 1174 1759 Latino,
1184 1691 1219 1747 ad
1225 1709 1310 1767 quem

330 1776 426 1836 ΕΜ
438 1779 525 1847 venit,
546 1778 669 1839 Faunum
683 1779 814 1840 Martios.
829 1796 961 1838 memorat
975 1781 1096 1859 Appian.
1116 1781 1168 1840 lib.
1181 1781 1236 1839 lin
1250 1780 1308 1839 Ex·

330 1883 412 1944 oerpt.
423 1886 459 1925 cx
474 1867 585 1927 Pbotio.
599 1867 752 1947 Antiquior
765 1869 840 1927 Latii
849 1888 896 1927 rex
907 1868 1076 1928 Dercennius
1088 1869 1123 1927 ab
1135 1869 1195 1947 ipso
1208 1869 1308 1948 Virgi-

331 1945 607 2014 liocommemoraror
617 1957 667 2015 lib.
681 1957 738 2025 xl,
752 1965 817 2038 850.
856 1957 920 2017 Sive
943 1973 1032 2017 tamen
1056 1959 1109 2017 suit
1126 1958 1240 2018 Latinus
1256 1961 1309 2018 ari-

330 2045 400 2123 quir,
417 2046 531 2105 seurnon
543 2047 608 2113 fuit,
628 2046 821 2127 intelligendus
833 2048 929 2127 utique
940 2050 978 2108 cst
999 2067 1047 2106 rcx
1071 2049 1148 2107 urbis
1166 2063 1196 2106 er
1207 2049 1307 2127 exigui

330 2135 590 2205 mstushurentis,
608 2136 656 2214 qui
668 2153 769 2215 partem
790 2150 895 2197 tanturn
907 2136 983 2196 Latii
994 2136 1176 2196 constituebat
1183 2161 1193 2207 ;
1223 2138 1311 2203 totins

329 2225 400 2284 erii
411 2226 536 2285 nondum
550 2225 601 2284 ilio
612 2241 732 2305 tenpore
750 2239 807 2289 erat
820 2246 948 2305 regnum,
967 2246 1018 2286 noc
1031 2246 1153 2305 unquam
1172 2224 1239 2298 fuir,
1256 2226 1309 2289 nifi

329 2317 525 2378 Romanorum.
749 2339 751 2342 ·

617 2495 922 2558 uxcUReth
964 2496 1017 2556 VI.

351 2612 408 2686 De
421 2616 546 2687 oraculo
559 2617 663 2687 Fauni
677 2618 711 2684 in
726 2613 962 2685 luco-Album
977 2616 1011 2684 in
1026 2637 1101 2711 agro
1113 2613 1291 2686 Tiburtino.

367 2747 438 2818 Vll,
458 2757 489 2812 81
506 2750 568 2835 sqq.³
586 2752 625 2809 Ar
635 2748 807 2829 ‘rexsollier'tus
819 2750 929 2825 monstris
937 2747 1040 2806 nacula
1052 2747 1140 2806 Fauni
1149 2746 1310 2824 Fatidicigr-

330 2846 414 2896 nioru
433 2843 497 2909 adit,
513 2841 621 2918 luccyque
635 2837 690 2914 sub
703 2836 759 2895 alra
772 2836 887 2914 Consulit
897 2835 1026 2895 Albunea.
1067 2834 1234 2894 Sententiam
1244 2855 1307 2892 ver·

330 2925 425 2986 borum
443 2944 471 2987 er
486 2921 543 2987 vini
556 2927 635 3006 supra
647 2925 854 2983 declaravimus.
895 2924 929 2982 In
941 2943 1007 3002 agro
1022 2923 1173 2997 Tiburtino
1185 2922 1220 2982 ab
1231 2922 1308 2982 occi·

327 3017 406 3077 dente
427 3019 504 3077 lucur
526 3034 596 3085 erat,
616 3016 644 3073 in
665 3037 721 3093 quo
740 3035 816 3093 aquae
828 3014 949 3082 Albulae,
969 3013 1109 3073 medicatae
1126 3027 1154 3072 ct
1167 3012 1308 3092 sulfure23
1434 3011 1437 3014 ’

326 3126 360 3166 ex
377 3127 470 3166 earum
492 3107 614 3165 fontibus
637 3126 705 3162 unus
718 3106 753 3162 est
769 3103 899 3172 Albunea,
918 3103 979 3161 fons
991 3118 1018 3161 et
1033 3102 1176 3181 Nympha,
1195 3103 1308 3168 surrent

330 3199 440 3276 Sibylla.
461 3198 546 3256 cfiad
561 3196 722 3264 Tibull.11,
741 3217 769 3274 ς,
782 3198 831 3270 69.
870 3193 904 3252 In
919 3195 971 3252 hoc
983 3195 1057 3264 luco,
1078 3195 1211 3254 Albunee
1221 3198 1309 3270 dicio,

326 3293 465 3351 maenium
478 3290 533 3350 suit
544 3290 649 3346 Fauni:
678 3290 713 3346 de
725 3307 781 3366 quo
793 3303 919 3346 accurate
932 3286 990 3365 agit
1002 3295 1095 3364 pocta.
1135 3287 1235 3347 Nostra
1256 3271 1308 3349 air

326 3383 378 3442 buc
390 3398 471 3442 aetate
490 3381 633 3440 imminent
649 3379 764 3439 Anienis
776 3379 931 3436 catarraciis
951 3377 1036 3434 ruinae
1052 3379 1157 3456 templi,
1175 3380 1250 3456 quod
1264 3381 1308 3439 Si-

326 3471 404 3549 byllz
416 3470 577 3530 Tiburtinae
598 3471 649 3529 eise
673 3470 768 3527 volunt
790 3467 843 3524 viri
866 3468 953 3534 ducii,
972 3469 1048 3525 nullo
1068 3468 1206 3545 grauiore,
1224 3491 1308 3546 quarn

327 3561 398 3639 quod
410 3578 502 3619 verere
514 3558 587 3617 sama
600 3559 637 3617 ita
660 3560 792 3617 traditum
803 3559 851 3625 est,
870 3573 1039 3635 argumento.
1079 3560 1141 3616 Hoc
1154 3557 1227 3616 idem
1241 3577 1308 3620 rem-

327 3653 398 3728 plum
411 3650 539 3709 nonnulli
552 3669 568 3705 a
581 3657 660 3725 po'e'ra
674 3648 785 3727 speciari
808 3663 836 3705 ct
851 3648 967 3704 verlibus
987 3647 1030 3704 his
1055 3647 1174 3705 describi
1196 3664 1309 3708 couten-

327 3741 403 3799 dunr.
443 3739 564 3818 Copiose
578 3739 646 3796 hanc
659 3738 814 3816 opinionem
828 3736 1125 3813 adstruxitVulpiusin
1138 3737 1200 3798 Ver.
1214 3737 1308 3812 Lario,
1423 3750 1430 3763 '

326 3831 364 3890 T.
378 3833 416 3898 Χ,
435 3850 463 3888 c.
480 3851 506 3904 ς.
547 3828 613 3895 Sed,
632 3844 670 3894 ut,
684 3828 770 3885 solent
792 3845 827 3884 ex
841 3824 918 3882 Italic
931 3825 1022 3892 multi,
1042 3827 1125 3884 inodo
1138 3829 1231 3906 patria
1242 3814 1308 3901 sun,

327 3924 409 3980 modo
421 3923 547 3979 locorum
558 3919 601 3975 vel
612 3915 780 3994 antiquitatis
794 3934 896 3981 amore,
916 3916 1071 3993 plerumque
1080 3918 1163 3977 eriam
1177 3940 1308 3981 rerumne

327 4011 456 4070 samonis
468 4008 654 4086 ignoratione,
675 4006 820 4063 multarum
834 4002 942 4061 urbium
969 4004 1042 4063 sedes
1065 4022 1092 4062 et
1114 4009 1205 4068 ruinas
1227 4032 1308 4086 prave

327 4098 509 4178 interpretari,
529 4097 568 4155 ita
593 4098 636 4154 vir
655 4097 751 4154 docius
773 4094 802 4151 in
825 4098 907 4172 poeta
928 4093 1003 4153 usum
1017 4096 1160 4172 loquendi,
1179 4101 1310 4161 oracionis
1430 4142 1436 4154 ,

327 4191 380 4248 uim
393 4206 421 4249 et
431 4188 578 4256 rationem,
598 4184 769 4253 sententiam,
788 4204 963 4242 communem
984 4184 1100 4253 sensum,
1118 4189 1211 4245 omnia
1233 4208 1310 4248 ever.

328 4294 380 4338 tere
393 4280 501 4345 moluit,
522 4298 604 4354 quam
617 4274 724 4332 veritati
738 4275 897 4334 concedere.
937 4275 980 4332 Ur
996 4274 1108 4352 Sibyllae
1121 4278 1251 4354 templum
1272 4278 1310 4336 aci

328 4366 604 4428 hosnlbunoelucos
616 4383 740 4421 revocare
759 4363 847 4440 poffit,
867 4364 1036 4442 interpungit
1049 4387 1076 4422 v.
1098 4369 1132 4423 82
1148 4367 1221 4442 post:
1252 4391 1318 4426 ora-1

328 4458 383 4516 oia
394 4458 480 4518 Fauni
492 4459 524 4515 F.
532 4481 562 4536 g.
575 4458 639 4513 udin
678 4455 809 4530 Luesque.
829 4466 859 4509 ur
874 4453 977 4512 scilicet
987 4451 1073 4510 Fauni
1087 4453 1216 4529 templum
1237 4476 1309 4516 resa
1349 4497 1351 4502 «

329 4543 435 4622 Sibylla
441 4547 555 4605 oraculo
563 4540 668 4602 diuersa
679 4541 720 4599 sut,
762 4538 848 4597 Fauni
860 4559 950 4600 aurern
960 4541 1090 4615 templum
1100 4540 1128 4597 in
1141 4541 1308 4604 laurentum

328 4634 421 4696 finibus
432 4638 563 4704 collocat,
583 4633 631 4691 ubi
641 4631 703 4689 Inui
717 4628 840 4688 Castrum
853 4629 906 4689 suit
920 4631 990 4709 (sup.
1001 4628 1054 4700 V1,
1069 4633 1147 4708 776.)
1160 4632 1310 4709 opinionis

330 4739 414 4788 norm
426 4725 618 4787 austoritatem
628 4722 730 4783 nullam
739 4719 816 4778 affert
828 4718 877 4779 hic
892 4737 919 4783 et
932 4721 988 4781 alio
998 4721 1060 4782 loco
1074 4722 1112 4779 T.
1123 4720 1159 4787 V.
1176 4722 1240 4785 Lib.
1251 4725 1309 4794 lx,

360 4813 370 4817 ’
1270 4815 1309 4876 cf.

893 5006 908 5040 l
