3475 6234
871 1307 1021 1385 490
1380 1264 2144 1359 EXCURS‘US
2237 1289 2280 1365 1

1465 1850 2072 1912 EXCURSUS
2149 1851 2201 1910 Ι.

1349 2040 1619 2111 Auxilia
1657 2043 1892 2114 AEneae
1918 2069 1993 2115 ex
2026 2041 2329 2114 Etruria.

859 2162 982 2288 L
1002 2244 1020 2280 1
1046 2244 1104 2280 B·
1153 2227 1226 2289 X,
1266 2228 1372 2285 166
1403 2227 1519 2306 sqq.
1563 2230 1698 2288 Non
1721 2250 1913 2289 omnes
1931 2228 2131 2288 veteris
2158 2227 2392 2287 Etruriae
2412 2224 2669 2282 civitates
2699 2242 2827 2280 me·

856 2314 1065 2373 morari
1091 2336 1122 2371 a
1155 2320 1345 2391 poeta,
1374 2339 1500 2377 cum
1529 2321 1719 2397 copias
1748 2321 1876 2380 inde
1901 2321 2157 2379 adductas
2184 2317 2446 2382 recenset,
2475 2314 2829 2372 manifestum

855 2406 954 2461 est.
1041 2406 1128 2462 Ex
1156 2406 1222 2462 iis
1252 2427 1495 2484 quoque,
1523 2409 2103 2476 duodecimnumero,
2135 2406 2476 2469 civitatibus,
2503 2423 2625 2479 quae
2666 2424 2821 2460 rem-

855 2496 1138 2572 publicam
1181 2500 1534 2577 Etruscorum
1580 2503 2006 2568 constituebant,
2047 2501 2263 2580 Cltgfium
2305 2512 2364 2556 et
2402 2496 2554 2553 Caere
2594 2509 2818 2552 tantum

857 2585 1086 2643 nomine
1133 2587 1333 2664 posuit,
1383 2590 1620 2666 reliquas
1668 2590 1954 2665 praeteriit.
2034 2589 2252 2648 Habuit
2291 2587 2465 2666 igitur
2507 2581 2820 2640 dileaum?

858 2696 932 2734 an
962 2694 1167 2735 temere
1196 2680 1469 2756 apposuit,
1512 2703 1634 2759 quae
1675 2682 1732 2739 in
1776 2697 2021 2740 mentem
2050 2680 2380 2739 veniebant?
2466 2678 2526 2736 Si
2576 2677 2827 2734 nostrum

856 2768 1166 2845 Virgilium
1184 2771 1325 2826 benc
1355 2772 1509 2837 novi,
1534 2772 1726 2829 habuit
1755 2772 1848 2831 ille
1873 2770 2023 2829 haud
2048 2769 2239 2835 dubie,
2267 2768 2417 2847 quod
2442 2788 2567 2827 cum
2601 2764 2824 2841 judicio

856 2874 919 2918 et
955 2860 1159 2918 veteris
1206 2862 1491 2919 memoriae
1535 2863 1781 2941 respessu
1821 2863 1879 2921 in
1905 2862 2167 2921 hocloco
2193 2860 2549 2938 sequeretur3
2590 2858 2648 2915 in
2694 2857 2822 2916 aliis

855 2952 1108 3030 quidem,
1134 2952 1281 3028 quod
1309 2953 1601 3011 maritimae
1630 2954 1791 3013 urbes
1813 2955 1936 3015 sunt
1959 2967 2016 3011 et
2040 2951 2263 3010 navium
2293 2950 2512 3027 copiam
2553 2949 2819 3027 suppedi-

854 3056 975 3100 tant
1006 3065 1024 3108 ;
1081 3042 1133 3099 in
1178 3042 1298 3099 aliis
1329 3044 1724 3122 cognationem
1754 3059 1813 3103 et
1839 3042 2142 3103 amicitiam
2182 3061 2309 3100 cum
2339 3040 2626 3105 Romanis,
2669 3055 2730 3098 ut
2757 3038 2820 3098 in

856 3132 1046 3190 Clusio
1088 3148 1143 3189 et
1170 3132 1378 3201 Caere3
1443 3134 1528 3192 seu
1582 3135 1795 3194 fabulas
1849 3133 2075 3213 priscas,
2117 3148 2190 3210 ut,
2223 3132 2283 3190 in
2312 3133 2573 3191 Mantua.
2657 3130 2818 3190 Caere

854 3222 1085 3301 quidem
1129 3224 1338 3281 summo
1380 3244 1507 3283 cum
1534 3226 1736 3285 dileetu
1764 3225 1946 3303 primo
1982 3225 2108 3284 loco
2136 3222 2334 3301 posuit,
2357 3222 2639 3300 ‚quoniam
2677 3221 2819 3279 Me-

853 3314 1104 3372 zentium
1151 3334 1340 3391 regem
1386 3316 1601 3391 pulsum
1651 3317 1798 3376 bello
1836 3315 2087 3394 persequi
2120 3315 2446 3374 decreverat
2485 3332 2551 3372 ea
2590 3311 2819 3380 civitas,

853 3404 1041 3462 tastris
1098 3404 1153 3458 in
1209 3404 1517 3482 propinquo
1569 3405 1713 3466 urbis
1773 3406 1982 3482 pofit'ffi,
2050 3404 2246 3482 quihus
2297 3403 2494 3462 AEneas
2546 3418 2818 3478 exceptu!
