3475 6234
742 1414 879 1504 146
1201 1404 1969 1486 EXCURSUS
2052 1400 2157 1483 lv

745 1608 980 1666 Graecos
999 1629 1193 1687 parum
1220 1609 1290 1669 ad
1322 1605 1587 1668 sermonis
1612 1606 1858 1666 indolem
1884 1620 1942 1665 et
1969 1602 2395 1685 grammaticam
2420 1600 2697 1664 rationem

741 1697 850 1757 suit
875 1704 1188 1766 tractatum,
1227 1701 1367 1758 inter
1393 1700 1674 1757 Romanos
1702 1711 1887 1754 autem
1902 1695 2051 1754 intra
2070 1714 2254 1756 meros
2279 1695 2527 1755 sonorum
2546 1692 2703 1753 lusu·

745 1782 1016 1856 substitit;
1060 1789 1206 1866 quod
1234 1807 1265 1844 e
1299 1787 1578 1852 Varrone,
1622 1786 1864 1849 Catone,
1904 1784 2186 1844 Cicerone
2218 1800 2277 1845 et
2322 1782 2445 1845 aliis
2484 1780 2703 1843 infinita

746 1880 1123 1956 exemplorum
1140 1875 1301 1955 copia
1321 1874 1510 1940 docet,
1552 1888 1612 1933 ut
1633 1872 2147 1933 Grammaticorum
2170 1875 2451 1935 volumina
2462 1888 2702 1934 taceam·

755 1965 967 2023 Eadem
990 1989 1074 2025 res
1102 1967 1225 2046 ipsis
1253 1964 1485 2025 historiis
1503 1964 1777 2044 etlfabulis
1798 1982 1957 2024 noxae
1981 1964 2111 2031 fuit,
2150 1965 2284 2025 dum
2310 1986 2401 2025 eas
2425 1986 2497 2027 ex
2520 1956 2705 2025 nomi·

651 2060 657 2065 '
753 2077 885 2114 num
912 2057 1220 2136 originibus
1247 2056 1598 2136 interpretati
1624 2054 1791 2114 variis
1819 2054 1997 2114 modis
2038 2056 2442 2135 interpolarent
2482 2070 2703 2114 vetere·

709 2196 718 2203 .
750 2146 1058 2225 scriptores.
1126 2149 1210 2208 Ut
1236 2147 1480 2207 Umbros
1498 2146 1650 2226 quasi
1679 2146 1945 2206 Ombrios
1971 2146 2168 2213 ἀὶἂοε,
2207 2145 2458 2207 Thuscos
2479 2166 2513 2206 a
2539 2144 2711 2206 sacri-

752 2242 856 2300 fico
918 2240 1025 2298 ritu
1068 2240 1265 2308 diftos,
1306 2255 1364 2296 et
1403 2238 1598 2297 fimilia
1631 2237 1926 2295 omittam:
1978 2235 2051 2295 de
2088 2237 2493 2316 Aboriginibus
2534 2256 2707 2317 qum

752 2332 925 2387 multa
951 2330 1035 2388 illi
1059 2328 1361 2388 commenti
1375 2328 1496 2388 sunt
1513 2347 1581 2386 ex
1607 2327 1765 2387 vocis
1784 2326 1952 2386 sono!
2012 2326 2243 2387 Latium
2268 2348 2298 2385 a
2323 2329 2547 2388 latendo
2572 2349 2707 2389 cum

747 2417 1041 2486 duxissent,
1081 2441 1202 2498 quae
1221 2439 1332 2478 non
1356 2417 1748 2497 excogitarunt
1772 2415 1833 2476 in
1868 2436 1991 2478 eam
2024 2416 2177 2477 rem!
2256 2417 2408 2497 Hinc
2442 2419 2583 2497 fuga
2610 2419 2715 2477 Sa-

753 2511 901 2569 turni
920 2510 978 2568 in
995 2510 1214 2569 Italiam
1241 2525 1298 2568 et
1321 2509 1565 2568 latebrae.
1646 2508 1813 2568 Anna
1840 2508 2123 2569 Perenna
2108 2528 2165 2567 m
2190 2492 2432 2569 Didonis
2457 2508 2707 2569 sororem
2798 2506 2805 2515 '

752 2619 987 2669 mutata,
1026 2618 1084 2660 et
1111 2603 1381 2680 Nympha
1417 2601 1670 2660 Numicii
1707 2601 1807 2661 illa
1830 2600 1994 2671 facta,
2030 2622 2158 2661 cum
2195 2600 2303 2660 dea
2328 2603 2455 2660 ess'et
2478 2602 2709 2682 indige-

755 2710 871 2754 tum
903 2715 1154 2760 numero,
1193 2709 1250 2752 et
1273 2694 1422 2752 haud
1446 2691 1619 2751 dubie
1643 2691 1775 2751 anni
1798 2692 1959 2753 initia
1978 2692 2148 2752 fausta
2179 2692 2516 2772 designaret,
2553 2694 2709 2753 conf.

757 2789 826 2846 M
833 2786 1021 2844 acrob.
1052 2787 1080 2845 1
1123 2785 1237 2843 Sat.
1274 2803 1294 2843 1
1309 2804 1340 2843 2
1373 2783 1765 2863 Januario-—et
1802 2782 2001 2860 publice
2023 2800 2071 2842 et
2084 2788 2354 2860 privatim
2392 2784 2473 2841 ad
2499 2783 2711 2843 Annam

756 2880 1036 2936 Perennem
1044 2879 1401 2953 fhcrificatum
1419 2882 1565 2944 itm-3
1601 2891 1657 2933 ut
1681 2898 1879 2933 annare
1891 2890 2266 2952 perennareque
2284 2878 2515 2932 commode
2536 2874 2711 2934 liceat.

759 2968 973 3034 Ardea,
1014 2969 1344 3025 Rutulorum
1372 2965 1521 3032 urbs,
1560 2984 1763 3023 nomen
1789 2964 1995 3022 habens
2030 2985 2157 3022 cum
2200 2982 2302 3022 ave
2346 2964 2516 3023 ardea
2552 2983 2709 3023 com-

760 3079 947 3127 mune,
987 3058 1225 3117 fabulam
1255 3057 1538 3116 absurdam
1568 3054 1786 3134 peperit
1814 3054 1932 3113 avis
1968 3077 2038 3115 ex
2064 3056 2212 3114 urbis
2245 3056 2477 3114 inccnsae
2507 3056 2713 3114 cineri-

755 3150 858 3207 bus
887 3166 1075 3206 enctae.
1135 3147 1253 3205 vid.
1283 3147 1460 3206 ovid.
1507 3148 1659 3204 Met.
1701 3145 1866 3212 XIV,
1898 3166 2029 3225 574.
2061 3150 2195 3225 580.
2276 3145 2503 3204 Virbius
2548 3148 2711 3205 heros

754 3240 817 3298 in
853 3240 1228 3318 Hippolytum
1256 3238 1499 3295 deflexus
1545 3230 1809 3333 quafi‘bis
1851 3234 1940 3292 vir
1963 3249 2021 3293 et
2047 3236 2173 3293 vitae
2197 3235 2444 3295 redditus
2470 3237 2548 3295 ib.
2576 3234 2711 3304 XV,
