3475 6234
575 870 665 944 nn
707 866 991 944 tranunt
1032 869 1079 947 x.
1184 908 1190 914 -
1249 897 1320 975 493
1379 890 1382 894 ·

299 1088 301 1093 ’
335 1090 388 1133 nus
401 1072 477 1132 nullo
493 1069 579 1130 modo
592 1091 656 1131 cum
671 1073 837 1131 Graecorum
851 1070 936 1128 Ocno
949 1072 986 1130 est
996 1070 1216 1140 confundendus,
1236 1084 1320 1150 quem

335 1161 367 1221 in
390 1163 458 1223 locis
480 1161 576 1221 inseris
600 1163 773 1219 collocarunt
795 1158 919 1218 nonnulli
942 1180 978 1217 ex
1003 1160 1104 1236 potitis.
1143 1161 1262 1220 Diversa
1284 1162 1321 1222 de

337 1257 421 1313 Ocno
434 1255 503 1312 alios
521 1269 549 1311 et
569 1252 605 1310 de
624 1254 751 1310 Mantua
769 1250 879 1330 origine
900 1250 1050 1320 tradidisse,
1070 1271 1106 1310 ex
1124 1252 1223 1312 Servio
1240 1253 1276 1310 ad
1289 1274 1321 1313 v.

338 1349 391 1420 198
405 1343 503 1421 colligi
517 1342 603 1419 potest
618 1364 628 1409 ς
648 1341 762 1399 fuerunt
779 1344 853 1398 enim
867 1339 915 1417 qui
930 1340 1083 1398 Bononiam
1104 1361 1225 1420 quoque,
1251 1343 1321 1404 olim

337 1436 487 1500 Felsinam,
499 1435 535 1491 ab
545 1452 579 1490 eo
588 1430 732 1488 conditam
746 1429 907 1488 traderent:
928 1444 957 1488 at
976 1429 1122 1490 Mantuam
1131 1451 1148 1488 a
1157 1433 1322 1492 Tarchonte

334 1524 477 1584 conditam
492 1536 670 1582 narraverant
680 1520 740 1586 alii,
751 1521 958 1597 Mantuamque
972 1519 1037 1580 ideo
1049 1521 1233 1589 nominatam,
1242 1523 1321 1600 quod

336 1615 453 1674 Etrusca
475 1615 571 1692 lingua
592 1612 704 1668 Mantus
727 1609 779 1674 Dis
794 1625 875 1688 pater
893 1612 942 1676 est,
964 1609 1010 1668 cui
1023 1610 1119 1669 urbem
1137 1612 1319 1673 consecravit.

335 1708 405 1784 Qua
416 1704 564 1781 sequuntur
581 1721 610 1758 v.
632 1717 785 1775 zor-203
807 1699 922 1757 Mantua
933 1700 1013 1758 dives
1024 1706 1091 1786 apis
1100 1723 1111 1758 .·
1120 1704 1175 1775 sed
1184 1725 1231 1760 nen
1238 1726 1320 1780 gem

334 1793 446 1852 mnibus
470 1814 567 1861 surm:
600 1792 668 1848 Gens
681 1787 721 1847 illi
733 1786 841 1866 triplex,
851 1789 941 1866 populi
956 1787 1009 1863 sud
1019 1810 1095 1867 genre
1106 1799 1237 1869 quaterni,
1257 1795 1319 1872 Ipsa

333 1900 411 1962 caput
420 1883 533 1962 pepedi,
558 1878 636 1955 Tafis
646 1883 677 1938 de
690 1883 820 1965 singnis:
832 1885 918 1951 vires,
938 1878 1088 1954 plurimum
1102 1881 1206 1941 habent
1219 1883 1318 1944 obscu-

334 1975 435 2033 ritatis.
475 1971 567 2031 Servii
587 1986 654 2029 nota
668 1968 704 2027 ad
718 1988 748 2025 v.
770 1985 822 2027 201
850 1982 879 2027 et
903 1986 959 2026 202
982 1966 1133 2030 admodum
1145 1984 1319 2050 corruptset

333 2064 449 2124 obscura
471 2064 520 2130 est,
540 2078 569 2120 et
588 2075 725 2139 quantum
747 2057 878 2137 intelligo
900 2079 937 2137 ert
951 2056 1023 2118 binis
1037 2059 1317 2138 interpretationibus

333 2154 447 2214 diversis
460 2155 590 2213 conflata
631 2152 730 2210 Altera
740 2151 819 2208 hac:
839 2164 871 2208 ut
890 2150 1006 2208 Mantua
1019 2164 1071 2208 tres
1091 2149 1319 2225 baimirtribut,
1437 2190 1441 2197 -

332 2269 392 2325 qu
401 2253 430 2306 iar
439 2263 578 2326 quaternas
587 2248 672 2301 curias
683 2239 883 2299 dividebantur.
917 2238 962 2298 Ita
974 2239 1097 2298 dicerem
1108 2241 1157 2300 sub
1168 2242 1318 2309 Gallorum

332 2336 516 2395 incursionem
535 2332 664 2392 Etruscos
678 2350 713 2388 ex
724 2330 830 2389 caeteris
851 2329 893 2387 x1
912 2328 1075 2389 civitatibus
1094 2330 1317 2411 circumpadanis

336 2426 486 2486 Mantuam
494 2423 663 2488 confluxisse,
681 2435 709 2478 et
719 2420 797 2479 luisse
810 2419 839 2478 in
853 2435 909 2479 tres
923 2419 1010 2479 tribus
1017 2419 1185 2498 descriptos,
1197 2444 1316 2503 quarum

333 2537 447 2595 quaque
468 2532 588 2594 quatuor
601 2515 696 2572 demos
709 2512 836 2579 haberet,
859 2531 929 2589 quos
950 2511 1089 2591 Virgilius
1108 2514 1210 2593 populor
1231 2517 1315 2585 dixit.

332 2614 440 2672 Verum
451 2611 489 2670 sic
510 2627 566 2666 uon
579 2618 691 2684 poterat
707 2604 828 2674 Mantua
844 2602 901 2661 dici
921 2617 999 2682 ‘capnt
1009 2604 1050 2662 hir
1058 2604 1166 2682 populis.
1206 2608 1315 2689 Artigit

331 2700 424 2760 locum
439 2700 487 2778 Jo.
500 2700 549 2757 Fr.
564 2695 726 2755 Gronovius
740 2692 851 2753 adLiv.
864 2693 906 2760 V,
921 2713 969 2771 34.
984 2712 1018 2774 35
1034 2709 1063 2753 et
1077 2713 1178 2773 gentem
1190 2699 1316 2776 triplicem

332 2789 435 2869 accipit
460 2805 515 2848 tres
544 2785 685 2864 regiones.
724 2784 819 2843 Docet
846 2782 894 2842 ille
916 2782 1031 2859 quidem
1049 2803 1084 2845 eo
1103 2785 1168 2846 loco
1190 2787 1315 2867 copiose,

326 2901 416 2961 gentes
436 2895 465 2938 et
480 2875 583 2957 populis
603 2876 673 2954 saepe
686 2873 820 2954 conjungi
831 2871 906 2952 apud
919 2871 1078 2962 scriptqs,
1088 2888 1119 2935 et
1132 2893 1228 2954 patere
1240 2898 1314 2959 gem·
1354 2872 1357 2879 ¹

330 2989 387 3030 tem
400 2972 492 3038 latius,
515 2988 548 3027 ac
562 2968 635 3046 polle
651 2967 700 3025 snb
719 2967 745 3025 le
766 2963 1001 3043 comprehendere
1014 2964 1107 3045 plures
1121 2969 1251 3046 populos,
1275 2971 1314 3033 de

332 3083 389 3139 quo
402 3081 484 3120 nemo
496 3061 579 3119 facile
599 3058 721 3118 dubitet.
760 3058 868 3117 Verum
881 3060 939 3115 haec
951 3055 1047 3117 omnia
1061 3058 1250 3138 virgilianum
1269 3063 1313 3121 lo-

329 3172 394 3211 cum
406 3161 502 3231 parunt
512 3149 671 3227 expediunt.
707 3150 729 3206 F
732 3168 764 3206 ac
778 3148 853 3207 enim
863 3149 916 3206 hoc
930 3145 1005 3206 irase
1017 3147 1141 3207 habere:
1162 3151 1312 3213 Mantuam

291 3265 294 3272 ·
333 3245 408 3318 (aut,
421 3242 497 3321 quod
510 3242 617 3308 malim,
630 3260 730 3320 agrum
746 3239 946 3312 Mantuanum)
971 3237 1093 3298 habuisse
1103 3255 1159 3300 tres
1171 3244 1312 3324 regiones,

329 3353 448 3409 quarum
472 3352 589 3412 qnaeque
612 3333 768 3390 contineret
791 3347 910 3408 quatuor
932 3330 1050 3408 populos
1079 3332 1122 3408 (li.
1145 3349 1312 3400 conventus.

328 3426 435 3501 linus),
466 3447 502 3484 an
517 3426 551 3484 de
563 3424 654 3503 prisco
672 3427 799 3483 Mantnae
821 3426 890 3482 statu
911 3423 1196 3486 ficconliatmelius?
1225 3447 1261 3487 an
1280 3426 1312 3488 in

328 3533 423 3576 vetere
436 3517 549 3576 historia
564 3518 713 3595 quicquam
727 3517 775 3585 est,
802 3516 956 3595 quodcum
970 3533 1004 3570 ea
1028 3517 1228 3577 memoratione
1241 3538 1312 3584 con·

328 3607 447 3667 sentiat?
481 3609 546 3667 Nec
568 3628 635 3666 vero
649 3607 740 3665 versus
752 3605 910 3684 praecedens
924 3605 1071 3663 convenit:
1099 3607 1215 3666 Mantua
1234 3613 1311 3668 diver
1410 3595 1417 3612 x

327 3705 411 3768 avis:
431 3701 500 3777 quid
514 3700 590 3757 enim
609 3699 651 3757 his
667 3718 730 3756 cum
744 3699 790 3756 illa
810 3697 943 3756 divisione
961 3695 992 3752 in
1014 3697 1142 3773 regiones
1163 3718 1312 3758 commune

325 3789 401 3864 etti·
419 3790 569 3848 Cluverius
591 3789 620 3846 in
635 3790 699 3847 Ital.
721 3805 779 3847 ant.
803 3808 831 3863 p.
858 3807 927 3866 ²552
953 3785 1002 3844 ctli
1021 3788 1139 3865 populor
1159 3805 1311 3864 quaternos

325 3879 434 3957 prorsus
455 3879 593 3958 explodit,
615 3897 758 3957 tamquam
777 3881 867 3956 poe'tae
887 3891 1086 3944 commentum,
1112 3897 1170 3956 quo
1188 3879 1312 3942 diversas
1343 3869 1347 3881 ¹

324 3970 449 4027 historiar
463 3970 627 4048 compilatas
641 3969 798 4028 miscuerit:
816 3984 916 4046 gentem
937 3983 1030 4027 tamen
1041 3968 1166 4045 triplicem
1185 3971 1312 4049 agnoscit

322 4060 401 4118 etad
416 4061 539 4138 triplices
552 4060 664 4120 colonos
678 4061 775 4126 refert,
797 4058 847 4138 qui
861 4059 1012 4118 Mantuam
1030 4058 1198 4123 insederunt,
1238 4065 1312 4123 Fue-

323 4165 386 4209 runt
400 4150 476 4209 enim
489 4152 647 4210 conditores
665 4151 740 4210 urbis
754 4150 880 4209 Etrusci:
901 4150 935 4209 iis
948 4170 984 4210 cx
997 4152 1073 4230 agris
1083 4153 1309 4229 circumpadanis

323 4242 453 4316 expulsu,
473 4240 553 4299 Galli
571 4242 667 4298 urbem
688 4255 835 4300 tenuerunt
847 4254 896 4298 aut
910 4239 1031 4300 Etruscis
1044 4240 1156 4300 suerunt
1168 4241 1311 4312 admixti:

324 4331 438 4389 tandem
452 4351 487 4388 ex
501 4330 626 4391 finitimis
636 4332 754 4390 Venetis
768 4331 892 4390 nonnulli
903 4330 977 4413 inter
990 4329 1068 4390 cives
1081 4331 1212 4410 adscripti
1222 4332 1309 4394 suere.

323 4420 366 4480 Ea
380 4440 448 4480 vero
460 4422 531 4482 ratio
543 4425 595 4480 nec
608 4420 677 4480 illud
688 4420 824 4500 expedit:
856 4425 1034 4490 divinavit:
1053 4441 1106 4480 uec
1127 4421 1244 4498 reliqua,
1264 4422 1309 4482 in·

321 4511 421 4591 primis
435 4514 509 4572 hoc:
530 4514 579 4573 illa
593 4528 670 4591 rapat
686 4513 796 4591 populis.
837 4511 950 4572 Servius
970 4511 1008 4569 ad
1029 4532 1059 4570 v.
1080 4529 1133 4570 201
1156 4511 1278 4590 primum
1291 4534 1310 4573 a

321 4602 479 4672 Thebanis,
500 4604 600 4663 deinde
613 4604 752 4671 aTnscis,
765 4601 937 4662 noviffimea
951 4601 1057 4671 Gallia,
1075 4604 1133 4669 vel,
1155 4616 1186 4661 ut
1199 4604 1245 4663 aiii
1264 4595 1322 4664 di-'

319 4711 400 4763 cunt,
413 4715 432 4756 a
444 4698 643 4767 Saninaribus,
656 4697 706 4778 qui
722 4695 835 4758 Perusrae
847 4695 1040 4769 consederant,
1060 4695 1309 4846 condiffinarrat

1212 4799 1287 4848 tuam
1300 4809 1308 4845 t
