3475 6234
476 1282 480 1291 ·
561 1200 869 1340 rennrnos,
906 1249 1111 1372 unx.
1248 1277 1322 1357 37,

335 1457 509 1541 aliquinum
521 1456 631 1514 demum
642 1453 694 1512 rite
705 1450 807 1531 perspi·
853 1449 987 1519 imitatio,
1012 1469 1073 1529 quae
1094 1472 1158 1512 curn
1180 1451 1271 1515 studio
1287 1474 1323 1517 ao

338 1537 407 1602 ciat,
417 1554 501 1614 quum
513 1531 666 1610 argumenti
682 1548 806 1587 naturam
854 1526 1028 1587 contentione
1048 1528 1172 1589 variandi
1195 1550 1236 1604 ea,
1262 1552 1325 1610 quae
1360 1551 1361 1556 ¹
1398 1596 1403 1608 ‚
1483 1581 1487 1589 .

274 1621 276 1624 ’
337 1614 432 1691 paullo
455 1612 583 1669 curiofius
606 1609 698 1666 animo
721 1606 806 1665 versa-
851 1607 910 1682 jam
939 1605 975 1664 ab
999 1605 1054 1664 alio
1123 1617 1181 1686 prio
1203 1628 1238 1668 ert
1275 1610 1324 1668 sita

338 1689 423 1758 verit,
446 1707 559 1778 quaque
584 1686 640 1764 ipse
664 1684 744 1743 aliter
765 1683 808 1741 rel
855 1695 943 1752 erant,
968 1685 1049 1760 conju
1136 1686 1182 1744 est.
1259 1700 1325 1764 tque

338 1767 437 1825 melius
450 1785 479 1822 in
492 1784 525 1822 eo
546 1762 687 1822 tractando
708 1760 807 1819 cousti-
855 1760 910 1818 hoc
934 1760 1003 1819 illud
1024 1763 1072 1829 est,
1094 1764 1169 1838 quod
1183 1765 1326 1841 reprehen-

338 1843 381 1902 tui
394 1843 464 1921 posse
477 1854 553 1919 putet
565 1839 735 1915 expenderit.
761 1837 808 1894 In·
854 1836 922 1897 sioni
948 1843 1037 1915 podtae
1067 1836 1206 1897 interdum
1231 1841 1326 1915 locum
1433 1838 1437 1847 ’

248 1918 254 1926 ”
339 1935 381 1979 ter
394 1939 437 1987 ea,
449 1939 510 1997 quae
520 1917 659 1997 ingeniose
668 1932 696 1975 et
706 1915 807 1975 callide
854 1915 942 1973 sacere
962 1914 1068 1994 potest:
1099 1915 1147 1974 etfi
1170 1918 1257 1976 caussa
1281 1914 1324 1979 rei

336 1998 449 2057 inventa
462 1998 535 2064 sunt,
568 1995 638 2052 rimo
657 1995 720 2052 loco
737 1993 806 2050 emi·
853 2004 948 2069 parurn
976 1990 1162 2050 animaduersa
1195 1993 1242 2061 iia,
1273 1995 1323 2074 qui

338 2091 385 2134 net
397 2075 461 2142 hoc,
482 2017 567 2162 quoti
577 2070 732 2150 praeliorum
746 2090 807 2129 nar·
852 2069 926 2203 pund
939 2069 1188 2149 reprehendendum
1196 2071 1328 2144 effemi-¹

338 2152 411 2212 ratio
437 2166 540 2209 variata
565 2151 601 2206 est
626 2167 674 2228 per
701 2147 806 2206 diversa
874 2144 966 2214 ebant,
990 2149 1102 2224 quade
1125 2146 1210 2207 caussa
1233 2167 1324 2232 repre,

340 2249 439 2314 genera
446 2252 455 2298 ;
488 2229 617 2284 habemus
647 2226 701 2283 hoc
733 2225 806 2283 libro
853 2222 1005 2280 hensionem
1019 2224 1140 2292 haberet,
1159 2225 1324 2308 mInurperss

339 2307 452 2365 navium
474 2303 626 2382 appulsum,
649 2301 807 2366 descensum
853 2298 993 2358 videbant.
1034 2302 1095 2359 Nec
1109 2317 1211 2371 tamen,
1233 2303 1322 2382 inpri.

338 2384 370 2443 in
388 2385 463 2443 littus
476 2399 503 2440 et
517 2381 662 2459 pedestrem
674 2399 807 2458 pugnam,
854 2376 907 2434 mia
925 2396 990 2435 cum
1001 2379 1058 2456 ejus
1070 2379 1186 2439 Ieiiione
1199 2380 1322 2444 animum

269 2454 277 2462 ’
338 2459 436 2521 inlib.
450 2459 496 2516 XI
515 2459 671 2535 equestrem,
693 2457 721 2514 in
745 2455 806 2514 XII
853 2452 990 2513 imbutum
1016 2456 1138 2525 haberer,
1163 2454 1194 2515 in
1214 2457 1322 2519 diversa

338 2532 807 2618 pugnamtumulruariamtumcer·
853 2530 889 2588 ab
910 2530 1034 2592 Homero
1056 2533 1142 2603 abire,
1167 2550 1216 2593 aut
1237 2536 1321 2599 aliam

339 2631 429 2678 tamen
452 2613 593 2690 singulare.
644 2611 740 2679 Porro,
772 2628 808 2668 ne
852 2608 927 2666 viam
940 2609 990 2668 sibi
1004 2610 1164 2690 patefacere,
1181 2627 1229 2670 aut
1241 2611 1322 2676 aliter

332 2692 452 2750 ‘tedium
462 2689 563 2748 faceret
572 2688 730 2747 continuata
739 2707 806 2765 prae·
852 2704 894 2744 rer
906 2686 1012 2746 tradere
1025 2702 1142 2767 poterat,
1154 2688 1231 2749 nifia
1248 2688 1320 2749 veri.

339 2769 440 2829 iiorum
481 2765 611 2837 narratio,
650 2765 806 2844 interposita
853 2776 909 2821 tate
931 2779 1033 2823 naturae
1058 2767 1182 2825 recedere
1202 2766 1320 2832 volebat.

339 2846 401 2904 sunt
419 2846 508 2924 plura,
520 2844 602 2900 etiam
615 2843 650 2900 de
663 2860 729 2922 pace
740 2861 806 2899 con·
853 2838 939 2921 Qud
951 2840 1038 2917 igitur
1047 2842 1082 2901 ab
1094 2842 1205 2901 homine
1218 2843 1319 2903 sollerti

339 2921 408 2990 filia,
441 2936 498 2980 tum
526 2920 673 2985 orationes,
706 2938 806 2996 magno
852 2933 880 2976 et
907 2917 1034 2996 prudenti
1059 2919 1118 2978 fieri
1144 2934 1261 3000 poterat,
1285 2921 1319 2980 id

339 3019 403 3059 cnm
416 2997 541 3057 acumine
555 2997 642 3063 satie,
657 2997 805 3062 interdum,
853 2994 919 3054 secie
938 2998 1030 3072 podta,
1057 3011 1088 3054 ut
1108 3016 1144 3055 ex
1164 2996 1319 3076 argumenti

340 3092 372 3135 ut
401 3077 528 3156 equidem
561 3073 688 3141 censebo,
721 3073 806 3131 nimia
852 3088 948 3131 natura
960 3074 1320 3153 pugnasperseqneretnret

339 3174 402 3214 cnm
428 3168 496 3211 arte.
540 3150 618 3209 Hinc
644 3151 715 3229 apud
741 3151 805 3209 Ma·
852 3150 976 3210 locorum
1000 3166 1029 3209 et
1050 3151 1193 3211 hominurn
1217 3169 1320 3212 naturae

339 3233 416 3292 crob.
432 3229 476 3287 IV
489 3246 543 3287 tam
558 3231 643 3286 multa
662 3229 698 3286 de
717 3228 806 3287 rheto·
852 3228 1054 3297 convenienter,
1064 3248 1113 3288 nec
1120 3243 1208 3288 tamen
1218 3231 1320 3289 sinere·

340 3309 395 3367 rica
430 3307 587 3385 Virgiliana
612 3321 804 3365 demorantur.
853 3302 941 3381 speetu
955 3305 1138 3385 popularium,
1150 3306 1248 3384 quibua
1260 3309 1319 3387 pla·

341 3385 480 3464 Tragicos
492 3401 580 3441 tamen
588 3384 684 3451 noster,
696 3381 762 3441 Euri
782 3383 805 3439 i·
853 3401 914 3442 cere
937 3402 1047 3440 carmen
1079 3383 1198 3455 volebat,
1226 3385 1319 3445 varino

340 3464 402 3521 dem
423 3461 559 3538 inprimis,
581 3462 747 3518 anteoeulos
760 3403 807 3515 ia·
853 3459 1008 3536 praeiiorurn
1039 3459 1113 3519 casus
1151 3476 1317 3540 exponeret:

342 3540 414 3608 buit,
436 3554 467 3597 ut
483 3539 539 3614 jam
564 3537 657 3594 monui
683 3536 804 3614 Disquis.
853 3553 947 3613 utque,
966 3537 1072 3612 quoties
1086 3538 1116 3595 in
1129 3558 1160 3596 ea
1173 3539 1319 3609 incideret,

340 3617 365 3686 1,
379 3637 441 3704 pag.
457 3614 591 3682 XXXV,
602 3615 648 3670 To
661 3614 698 3673 II.
731 3614 806 3672 Inter
852 3633 913 3690 quae
925 3614 961 3672 ab
973 3615 1097 3674 Homero
1115 3634 1146 3674 ea
1159 3635 1222 3675 cum
1235 3614 1319 3696 copii

340 3697 400 3753 illas
426 3709 495 3752 artes
520 3707 547 3750 et
577 3692 687 3749 inventa
719 3697 806 3770 poeta:
850 3693 932 3750 essent
961 3693 1072 3760 tradita,
1098 3708 1128 3752 ut
1151 3694 1318 3757 deterrerent

341 3773 510 3830 referendum
533 3783 561 3826 et
584 3770 636 3826 hoc
657 3770 705 3837 est,
729 3768 803 3846 quod
848 3787 955 3838 ornnes,
968 3770 1015 3849 qui
1027 3771 1121 3828 eadem
1134 3771 1334 3854 aggredirel·.

340 3849 390 3907 hoc
416 3849 490 3906 libro
511 3847 642 3914 Arcades,
666 3846 739 3904 libro
761 3845 803 3904 XI
850 3845 917 3914 lent,
935 3868 969 3905 ea
988 3847 1125 3906 omitteret
1138 3867 1184 3908 aua
1197 3849 1318 3909 breviter

341 3924 462 3991 Etrusci,
474 3939 502 3981 et
515 3923 575 3979 XII
590 3922 703 3998 Trojani
725 3943 802 3982 max·
848 3924 994 4005 attingeret
1003 3948 1013 3994 i
1033 3926 1071 3984 sin
1083 3926 1149 3984 ralia
1169 3927 1261 3994 essent,
1272 3941 1317 3999 ut,

339 4003 394 4063 inre
425 4001 535 4063 virtutis
568 3998 621 4057 suae
655 4001 803 4076 specimina
850 4020 906 4132 pun
937 4001 993 4080 ipse
1023 4001 1178 4061 Maeoniurn
1203 4010 1317 4081 p'o'e‘tam

339 4081 440 4151 edunt3
472 4098 532 4157 quae
563 4092 590 4134 et
613 4078 623 4134 i
643 4076 669 4133 sa
698 4097 736 4134 res
767 4078 802 4134 ad
863 4080 1002 4156 operabat,
1030 4094 1156 4137 ornatum
1187 4080 1317 4140 admitte·

339 4151 583 4223 varietatemsacit.
623 4099 655 4210 in
678 4153 734 4232 ipsa
755 4176 801 4212 au·
850 4170 921 4223 rent,
940 4172 1011 4214 eaer
1028 4156 1118 4213 struet
1137 4156 1316 4234 adjundiiaet
1431 4176 1437 4193 ·

339 4249 393 4295 tem
425 4256 461 4313 pu
500 4251 576 4289 arum
611 4251 805 4290 commemora*
849 4231 909 4289 aliis
934 4233 1012 4291 rebua
1034 4233 1137 4292 variata
1160 4236 1268 4292 ornaret
1285 4244 1317 4294 et

340 4313 414 4371 tione
423 4254 629 4370 disiiiultatibus
638 4308 665 4365 iu
678 4309 802 4386 plicitum
849 4309 1036 4387 amplificaret,
1050 4324 1096 4368 aut
1107 4311 1195 4381 cultu,
1206 4314 1317 4390 elegan-

340 4389 365 4447 se
390 4390 488 4449 sentire
513 4386 607 4443 debuit
635 4406 689 4443 non
711 4388 804 4463 paucis
849 4386 900 4455 tia,
913 4407 944 4444 ac
958 4388 1086 4446 suavitate
1099 4388 1316 4466 phantasmatum

339 4486 386 4526 nec
410 4465 532 4525 levibus:
565 4462 690 4540 inprimis
718 4465 803 4540 quod,
849 4466 1033 4523 etverborum
1059 4465 1205 4544 expoliret.
1245 4467 1316 4529 Haec

337 4564 446 4635 quoquo
461 4543 487 4601 se
505 4555 630 4603 verteret,
644 4541 673 4598 in
689 4560 721 4596 ea
736 4543 801 4598 sem-
849 4544 960 4619 quidem
974 4544 1065 4600 animo
1078 4559 1167 4602 tenere
1179 4544 1261 4603 debet
1279 4545 1314 4616 ia,

338 4641 384 4713 per
395 4619 546 4686 incidebat,
558 4637 618 4694 quae
632 4619 665 4673 ab
679 4617 802 4675 Homero
849 4620 945 4697 quide
959 4621 1000 4678 bis
1020 4621 1098 4678 libris
1113 4621 1251 4698 judicium
1270 4621 1315 4681 sa·

334 4717 390 4774 Jam
402 4714 482 4756 erant
494 4701 622 4761 tratiata3
648 4695 702 4752 inec
717 4695 803 4771 igitur
848 4718 909 4755 cere
930 4697 978 4754 srbi
1002 4698 1093 4759 sumit.
1133 4696 1175 4756 Ut
1185 4717 1248 4757 vero
1260 4698 1316 4759 ali·

338 4793 366 4833 ut
379 4775 508 4840 variaret,
529 4788 657 4838 mutaret,
682 4771 735 4828 alia
760 4793 802 4830 ra·
849 4775 910 4851 quis
930 4796 994 4834 cum
1012 4775 1126 4849 Guyeto
1146 4790 1199 4834 tres
1215 4776 1317 4853 posite·

337 4851 410 4915 tione
450 4871 501 4910 nec
537 4851 625 4906 minus
657 4851 802 4907 commode
849 4873 908 4910 moa
926 4853 1011 4910 libros
1024 4848 1148 4931 Virgilio
1162 4852 1315 4931 abjudicet‚

337 4931 473 4997 tratiaret,
492 4942 624 5006 perpetuo
640 4933 729 5005 po'dtae
748 4927 802 4986 suit
848 4929 997 5007 graviores,
1022 4950 1103 5008 quam
1143 4949 1189 4988 uas
1208 4929 1315 5012 ipsein

334 5005 549 5064 allaborandum.
604 5003 681 5063 Facit
712 5021 803 5064 aurem
848 5022 956 5084 promtu
983 5006 1092 5074 habuit,
1114 5027 1129 5066 a
1150 5026 1207 5068 erre
1231 5008 1316 5069 debet

336 5083 447 5147 tedium
478 5081 562 5146 serina
598 5101 682 5161 ocyus
714 5082 804 5149 omnis
848 5085 958 5149 caussas.
1238 5162 1285 5224 Du

493 5191 495 5196 '
1072 5185 1076 5193 ¹
1192 5183 1218 5228 Ie
1287 5183 1316 5229 m
