3475 6234
579 884 671 958 nn
712 881 993 957 uturum
1032 882 1115 957 vn.
1288 904 1353 979 133

376 1081 459 1142 tiebat
477 1082 506 1142 se
524 1084 691 1162 camporum
711 1079 851 1162 planities,
880 1080 909 1140 in
929 1101 984 1160 qua
1003 1081 1133 1161 equestris
1156 1101 1250 1161 pugna
1271 1079 1353 1140 stila.

374 1172 404 1230 ln
417 1173 528 1232 eosdem
541 1172 727 1232 descendebat
736 1191 838 1251 agmen
852 1171 986 1249 pedestre,
1006 1192 1069 1231 curn
1090 1171 1125 1230 td
1146 1171 1241 1231 urbem
1254 1187 1354 1251 appro·

372 1262 536 1341 pinquuret:
559 1262 614 1329 XI,
636 1280 801 1341 903-907.
840 1261 945 1319 Castris
962 1260 1004 1320 ibi
1020 1260 1113 1338 positis
1125 1261 1214 1320 ultero
1225 1259 1282 1327 die,
1301 1259 1354 1319 soe·

374 1351 440 1410 dere
461 1368 490 1411 et
508 1351 662 1413 certamine
688 1351 817 1431 singulari
838 1351 913 1410 inter
935 1353 1064 1411 Turnum
1087 1367 1115 1410 et
1128 1350 1355 1411 AEneamsruslrc

373 1442 529 1510 constituto,
547 1440 730 1502 tumultuaria
742 1440 865 1500 exoritur
877 1457 972 1518 pugna
983 1461 992 1508 3
1012 1459 1096 1517 quam
1110 1459 1174 1500 curn
1186 1439 1217 1499 in
1226 1454 1354 1498 neutram

373 1547 481 1611 partem
494 1531 621 1593 inclinari
630 1532 739 1592 videret
748 1533 863 1598 AEneas,
883 1530 898 1589 s
896 1529 971 1589 obito
985 1545 1093 1609 partem
1106 1529 1252 1589 exercitur
1261 1526 1298 1586 ad
1308 1547 1353 1587 ur·

374 1620 435 1680 bem
449 1621 668 1702 oppugnandam
681 1622 824 1680 admouet.
863 1620 995 1679 Tandem
1019 1619 1050 1679 iu
1070 1619 1168 1679 eadem
1190 1636 1355 1698 camporum

375 1711 486 1788 planitie
499 1730 669 1771 concurrunt
680 1713 795 1771 Turnus
804 1725 833 1769 et
846 1711 947 1770 AEncas
961 1730 1057 1788 pugna
1073 1709 1156 1775 sada,
1177 1729 1237 1787 quae
1259 1706 1356 1767 AEnei·

374 1800 573 1861 demebsoluit.
615 1802 637 1860 F
641 1802 702 1880 ugit
712 1801 798 1860 stallo
808 1800 870 1859 ense
884 1802 1015 1859 Turnus:
1035 1799 1168 1860 inclusum
1177 1800 1204 1859 se
1214 1798 1291 1857 videt
1300 1817 1354 1856 un-

376 1890 483 1970 diquea
496 1910 603 1950 corona
616 1890 807 1968 spoliantium.
847 1891 933 1968 Atque
944 1890 1004 1949 bine
1021 1894 1103 1968 vtrsta
1112 1889 1190 1966 palus
1202 1889 1261 1946 binc
1270 1891 1358 1947 ardua

376 1986 466 2039 neria
479 1987 586 2060 cingunt
598 1979 668 2045 ΧΠ,
689 2000 755 2058 745.
798 1978 910 2037 Scilicet
922 1979 965 2037 hae
987 1978 1048 2037 sunt
1057 1978 1163 2055 paludes
1178 1979 1357 2043 Laurentiue,

376 2069 408 2127 ed
422 2070 520 2129 orbem
529 2068 781 2147 usqueprodullae:
801 2068 1044 2148 quibus'Laurene
1066 2067 1113 2127 hic
1134 2069 1235 2125 traslus
1255 2066 1356 2125 etiam-

377 2180 434 2220 num
448 2161 544 2220 invius
556 2179 585 2221 et
598 2160 745 2220 inaccessus
756 2162 809 2219 esl:
831 2159 907 2219 idem
921 2177 1015 2220 tamen
1033 2160 1107 2239 apris
1126 2159 1266 2236 frequent,
1286 2176 1359 2236 quos

376 2251 453 2309 toties
463 2252 556 2329 po'e'tae
566 2267 732 2308 memorant.
752 2269 780 2307 v.
791 2251 908 2310 Cluver.
919 2270 949 2330 p.
962 2251 1029 2310 886.
1045 2255 1113 2329 887.
1153 2249 1274 2329 Vulpius
1291 2249 1312 2307 l.
1331 2268 1357 2308 c.

377 2358 403 2417 p.
416 2341 461 2419 3⁶.
504 2341 542 2399 Et
552 2339 587 2399 de
601 2341 635 2398 iis
646 2338 702 2417 ipse
714 2341 798 2399 Maro
810 2340 860 2399 lib.
876 2341 913 2408 X,
928 2359 980 2419 107
995 2341 1054 2420 sqq.
1065 2356 1139 2418 aper,
1159 2359 1242 2419 quem
1256 2340 1359 2405 multos

376 2438 459 2488 eunuc
485 2430 600 2506 defendit
619 2427 699 2506 palus
721 2429 874 2495 Laurentia,
884 2429 966 2507 filva
983 2433 1072 2507 pastus
1096 2432 1248 2487 arundinea.
1289 2429 1359 2490 Em

376 2516 461 2597 igitur
480 2518 601 2597 paluster
619 2516 666 2575 hic
690 2518 790 2575 tensius
812 2517 906 2595 panim
929 2517 1000 2577 silvie
1024 2519 1159 2579 consitus:
1189 2517 1230 2576 uti
1243 2516 1358 2577 omnino

377 2628 507 2688 magnum
519 2608 583 2686 agri
597 2606 761 2669 Laurentini
782 2623 891 2686 partem
901 2600 984 2686 stoa
1005 2592 1166 2671 Lauicano
1190 2608 1365 2687 occupabat..

379 2700 478 2758 Latius
501 2714 592 2758 tamen
615 2718 650 2756 ea
668 2696 870 2775 antiquioribus
892 2696 1064 2776 temporibus
1085 2697 1236 2776 procedere
1251 2698 1357 2760 debuit.

381 2789 424 2847 Ea
434 2790 485 2857 cll,
504 2788 539 2847 de
555 2809 608 2868 qua
629 2788 678 2848 lib.
693 2789 737 2847 IV
751 2808 780 2844 v.
797 2792 848 2865 381
871 2787 930 2865 sqq.
944 2787 1118 2864 accipiendi:
1141 2787 1288 2867 Silvafuit
1300 2788 1354 2848 late

378 2884 462 2937 denis
474 2896 548 2958 atque
558 2881 615 2939 ilice
628 2886 709 2958 nigra
726 2880 853 2936 Horrida.
895 2882 948 2937 Per
960 2879 1010 2936 has
1024 2878 1123 2955 fugam
1136 2877 1258 2938 faciebat
1271 2876 1355 2938 Nisus

378 2967 471 3028 eastris
481 2970 596 3049 egrefftn
606 2968 642 3027 ad
656 2966 788 3027 interiora
801 2966 863 3025 loca
877 2965 967 3026 versus
981 2981 1089 3024 montet
1108 2966 1245 3033 Albanos,
1264 2980 1294 3025 et
1309 2965 1360 3045 qui

378 3058 517 3127 iissnbetl,
536 3060 628 3118 lacum
643 3057 794 3124 Albanum,
814 3055 849 3114 ad
862 3076 945 3135 quem
960 3055 1077 3117 Latinus
1087 3071 1215 3119 armenta
1228 3071 1287 3117 tum
1302 3055 1355 3118 lte·

379 3149 481 3207 luebat:
507 3148 577 3207 ibid.
594 3169 647 3227 337
663 3147 703 3226 sq.

416 3239 596 3296 Alacrento
609 3236 672 3296 stad
685 3235 820 3295 orientem
828 3236 922 3314 paullo
935 3235 1017 3294 altine
1027 3235 1056 3296 in
1074 3232 1277 3294 mediterranea
1290 3253 1358 3313 pto·

379 3328 501 3392 tesseras,
522 3329 569 3386 lll
586 3330 619 3386 M
634 3329 758 3406 passuum
771 3347 787 3385 a
800 3326 881 3394 mari,
902 3329 960 3405 poll
973 3328 1031 3385 haec
1041 3340 1168 3404 tempora
1178 3325 1205 3384 in
1215 3325 1362 3387 editoloco

380 3418 521 3475 Lavinium
533 3418 569 3476 ab
581 3419 670 3476 AEuea
681 3416 734 3476 fuit
747 3417 905 3476 conditum:
926 3417 986 3476 urbs
1005 3433 1030 3475 et
1040 3421 1123 3492 promi
1139 3439 1157 3475 a
1171 3417 1287 3474 Lavinl
1295 3441 1359 3475 moe·

382 3511 423 3563 ria
432 3505 483 3563 lib.
499 3506 524 3572 1,
546 3512 614 3584 258.
654 3506 725 3563 Tria
745 3504 794 3562 isla
816 3505 940 3583 passuum
963 3503 1051 3563 millia
1070 3503 1188 3562 redeunt
1207 3503 1361 3564 adXXlV

381 3594 471 3662 dadin,
490 3615 552 3672 quae
564 3595 665 3654 Strabo
674 3595 724 3654 lib.
732 3596 772 3662 V,
783 3616 812 3673 p.
828 3615 885 3674 ³50
894 3597 916 3654 B
926 3610 954 3654 et
968 3593 1084 3670 Dionys.
1096 3594 1123 3659 l,
1145 3592 1180 3671 56
1191 3608 1360 3652 memorant.

383 3684 521 3744 ARoma
545 3685 642 3745 aberat
663 3686 750 3744 millia
770 3687 893 3764 passuum
914 3687 981 3744 XX.
1022 3683 1083 3742 Sita
1097 3681 1162 3741 urbe
1177 3683 1218 3740 ἐπὶ
1231 3686 1297 3760 no'dp
1313 3686 1363 3743 τινὶ

383 3793 427 3853 ap.
441 3773 561 3853 Dionys.
576 3777 602 3841 1,
617 3797 670 3855 45,
689 3775 744 3833 stne
758 3775 835 3835 collis
845 3776 869 3834 ie
880 3776 945 3842 suit,
964 3775 1058 3853 inquo
1071 3793 1144 3832 nunc
1161 3773 1190 3829 S.
1213 3773 1365 3834 Petronellae

376 3872 471 3945 sarem
484 3867 534 3938 en,
555 3885 582 3922 v.
595 3866 711 3925 Cluver.
727 3886 756 3944 p.
773 3870 841 3943 894,
861 3865 907 3924 seu
920 3884 976 3923 nun
989 3865 1071 3940 longe
1083 3862 1118 3919 ab
1131 3861 1185 3919 hoc
1198 3862 1261 3921 loco
1273 3863 1364 3931 collis,

385 3954 429 4033 qui
442 3974 514 4013 nunc
527 3955 618 4017 Mente
630 3957 659 4019 dr·
667 3955 776 4017 Levana
787 3955 951 4032 appellatur.
991 3952 1035 4010 Ita
1044 3950 1202 4011 Holslenius
1211 3951 1363 4012 statuebat:

385 4044 506 4120 t.Vulp.
520 4044 540 4101 l.
552 4042 573 4099 l.
586 4062 614 4119 p.
627 4063 659 4120 31
676 4057 705 4102 et
716 4043 764 4102 86.
804 4042 915 4102 Ibidem
937 4042 986 4100 alii
1003 4060 1054 4118 pro
1068 4054 1164 4099 vetere
1176 4040 1297 4102 Lavinio
1315 4040 1365 4098 ha.

385 4131 497 4193 buerunt
517 4131 682 4210 oppidulum
710 4135 824 4194 Partica
847 4134 1033 4197 vels’ratica,
1051 4128 1125 4208 quod
1140 4129 1212 4188 Mla
1229 4128 1367 4206 passusab

387 4242 420 4281 eo
431 4222 500 4281 colle
510 4221 593 4280 abest.
639 4221 675 4279 lis
689 4222 809 4300 Vulpius
822 4221 951 4281 hactenus
969 4216 1157 4277 accedendum
1171 4216 1316 4281 statuebat,
1337 4235 1366 4279 ut

388 4312 425 4371 ibi
436 4312 502 4371 luens
514 4312 609 4369 Patris
618 4311 662 4367 vel
674 4311 760 4385 Jovis
773 4313 899 4389 Indigetis
908 4310 984 4370 fuisse
994 4309 1139 4375 videatur3
1160 4308 1211 4365 elle
1229 4306 1304 4364 enim
1315 4324 1366 4363 no·

387 4418 445 4457 men
458 4400 567 4457 as’am
577 4397 849 4477 Indigetedudlum:
872 4422 921 4465 nec
938 4401 1022 4478 longe
1041 4397 1129 4456 abesse
1144 4395 1251 4455 sontem
1261 4393 1366 4454 Numi·

386 4489 423 4554 ei,
441 4490 474 4547 td
484 4509 566 4567 quem
578 4488 732 4549 chinium
744 4493 823 4550 litum
836 4491 913 4551 fuisse
928 4511 982 4553 uno
994 4510 1041 4548 ore
1055 4506 1151 4548 omnes
1169 4486 1293 4546 tradunt.
1329 4487 1366 4546 In

388 4580 453 4643 hanc
474 4581 567 4639 urbem
592 4579 680 4638 delati
704 4582 763 4641 sunt
782 4585 901 4641 Penatus
914 4579 1054 4655 Troiani:
1085 4596 1113 4632 v.
1128 4574 1185 4652 sup.
1200 4576 1258 4636 To.
1275 4576 1316 4645 ll,
1336 4599 1366 4656 p.

393 4692 455 4755 303,
474 4670 665 4733 ineditiffima
677 4673 756 4735 collis
765 4689 855 4752 parte,
876 4690 905 4735 et
924 4670 1038 4755 quidem
1049 4665 1166 4726 Veneris
1188 4667 1282 4728 Frutis
1296 4684 1368 4726 tcm-

1311 4756 1369 4836 1³¹0·
