3475 6234
858 1280 1002 1378 496
1271 1274 1712 1353 EXCURS
1768 1275 1847 1348 11
1894 1275 2045 1351 AD
2095 1273 2434 1354 L113.x

856 1480 1062 1556 posuit,
1104 1476 1332 1535 adducti
1376 1477 1445 1534 ab
1487 1495 1553 1532 eo
1592 1472 1779 1532 coloni
1819 1493 1891 1532 ex
1932 1475 2127 1535 Imbro
2164 1490 2223 1535 et
2259 1477 2476 1537 Lemno
2510 1477 2692 1547 fuere,
2733 1471 2834 1559 qui

858 1571 1027 1627 tertia
1074 1571 1201 1626 hinc
1247 1584 1432 1631 aetate,
1491 1566 1640 1623 sedis
1628 1585 1755 1621 tone
1798 1564 2060 1624 adversus
2107 1566 2402 1628 Dorienses
2449 1569 2616 1639 fasta,
2667 1566 2835 1646 ejeffi

859 1660 1093 1715 Cretam
1137 1658 1259 1714 adi
1248 1670 1390 1712 runt
1439 1669 1494 1710 et
1543 1654 1862 1729 Gortynem
1906 1672 2280 1732 occuparunt.
2363 1658 2455 1716 Ad
2496 1659 2653 1718 hoc
2636 1675 2834 1737 itaque

858 1763 1081 1824 tempus
1110 1744 1393 1803 referenda
1434 1743 1538 1799 esse
1583 1741 1808 1799 videtur
1848 1743 2214 1820 Amyclarum
2254 1746 2350 1806 illa
2394 1767 2428 1805 a
2467 1749 2834 1808 Doriensibus

857 1837 1003 1894 faeta
1049 1832 1433 1911 expugnatio:
1497 1832 1630 1888 urbe
1677 1852 1747 1888 ex
1792 1831 2097 1910 improviso
2139 1851 2435 1912 occupata.
2516 1840 2600 1897 Ut
2642 1856 2833 1898 autem

855 1928 965 1986 hoc
1005 1929 1083 1981 ad
1102 1922 1337 1998 Amyclas
1365 1918 1545 1976 ltaliae
1585 1921 1874 1981 transferri
1894 1922 2089 1999 posset,
2129 1943 2285 1983 error
2309 1925 2426 1991 ille,
2466 1948 2632 2005 quem
2663 1928 2832 1988 toties

853 2016 1267 2094 castigavimus,
1307 2014 1491 2069 locum
1521 2011 1679 2076 fecit,
1718 2031 1849 2070 cum
1874 2032 1985 2071 non
2011 2014 2182 2072 modo
2210 2015 2547 2077 Graecorum
2577 2020 2830 2080 colonias

852 2125 956 2185 per
979 2122 1149 2163 totam
1175 2101 1391 2159 ltaliam
1416 2100 1830 2163 disseminarent
1857 2116 2072 2162 veteres
2094 2105 2346 2164 nutstores
2369 2107 2585 2190 Ludni,
2626 2129 2830 2169 verum

848 2197 1018 2257 etiam
1061 2195 1277 2252 urbium
1317 2192 1566 2270 origines
1610 2213 1676 2251 ac
1722 2193 1946 2254 notitias
1989 2195 2272 2256 nominum
2317 2198 2671 2258 similitudine
2699 2222 2830 2261 cor-

850 2301 1190 2365 rumperent.
1298 2285 1510 2341 Urbem
1554 2284 1798 2342 Amuclas
1842 2284 1903 2344 in
1941 2285 2028 2344 his
2063 2285 2202 2347 locis
2244 2285 2420 2346 Italiae
2456 2288 2611 2348 fuisse
2657 2312 2832 2352 nemo

850 2379 1092 2437 dubitet.
1175 2374 1283 2433 Sed
1326 2373 1562 2431 nominis
1600 2374 1896 2434 similitudo
1934 2374 2095 2445 fecit,
2141 2390 2205 2437 ut
2244 2397 2279 2436 a
2315 2379 2590 2439 nonnullis
2634 2402 2833 2442 narras-

852 2487 1027 2535 retur,
1070 2471 1323 2527 Laconas
1372 2484 1499 2522 eam
1530 2464 1723 2523 urbem
1750 2464 2071 2534 condidisse,
2110 2480 2170 2526 et
2205 2466 2280 2526 ab
2308 2466 2556 2544 Amyclis
2583 2467 2690 2528 suis
2719 2493 2827 2531 no-

852 2580 983 2619 men
1031 2558 1299 2616 indidisse.
1383 2557 1473 2614 De
1520 2570 1775 2632 tempore
1822 2554 2058 2615 coloniae
2097 2555 2276 2615 dubiae
2319 2558 2473 2616 varie
2527 2561 2823 2621 traditum.

853 2652 974 2711 Alii
1014 2650 1241 2708 comites
1288 2644 1528 2704 Castoris
1556 2664 1609 2703 et
1651 2646 1894 2705 Pollucis
1921 2646 2030 2706 huc
2069 2646 2332 2725 appulisse
2359 2664 2673 2716 narrarunt,
2713 2653 2820 2712 alii

855 2742 1169 2815 Amyclaeos
1197 2759 1325 2797 cum
1357 2739 1600 2803 Glauc0‚
1629 2735 1846 2796 Minois
1874 2737 2008 2804 filio,
2043 2737 2249 2796 venisl'e
2297 2738 2474 2816 (apud
2499 2738 2783 2816 Servium)
2807 2769 2826 2815 ς

855 2832 1080 2891 tandem
1104 2829 1271 2887 etiam
1300 2829 1477 2894 fuere,
1518 2827 1613 2906 qui
1642 2826 1899 2904 Lycurgi
1925 2843 2089 2886 aetate
2114 2827 2392 2888 coloniam
2417 2828 2639 2887 ductam
2668 2831 2825 2892 dice-

856 2941 981 2986 rent
1004 2925 1073 2981 ab
1095 2923 1185 2989 iis,
1224 2921 1320 3000 qui
1343 2921 1504 2979 novis
1523 2921 1739 3000 legibus
1761 2920 1843 2979 uti
1864 2921 2110 2981 nollent:
2151 2921 2252 2981 hos
2272 2921 2447 2988 enim,
2474 2922 2570 2981 ubi
2596 2923 2654 2981 in
2675 2943 2824 3003 agro

856 3014 1192 3075 Pomentino
1230 3012 1608 3077 escendisi‘ent,
1650 3011 1906 3071 Feroniae
1946 3011 2137 3071 fanum
2176 3011 2488 3078 extruxisse,
2526 3027 2584 3071 et
2616 3016 2826 3091 partim

853 3108 981 3168 inde
1000 3103 1229 3164 Sabinos
1250 3102 1603 3164 contendiffe.
1633 3123 1691 3163 v.
1712 3102 1950 3182 Dionys.
1972 3101 2164 3165 Halic.
2192 3101 2297 3162 lib.
2318 3100 2402 3172 11,
2424 3123 2505 3185 49
2533 3107 2622 3182 (p.
2654 3123 2674 3164 1
2692 3128 2710 3165 1
2725 3108 2822 3185 3).
