3475 6234
596 863 681 942 nt)
723 853 988 937 LIBRUM
1027 852 1117 935 XII.
1283 879 1357 963 7¹9

371 1068 467 1154 piturt
486 1066 575 1129 oritur
588 1066 714 1141 bellum„
727 1061 802 1144 quod
814 1061 910 1123 Turni
922 1063 997 1122 eaede
1010 1063 1083 1123 intra
1096 1063 1193 1124 mentis
1206 1061 1351 1124 decursum

371 1163 477 1228 finitur,
496 1178 525 1218 11.
540 1160 633 1239 paullo
644 1175 708 1216 ante
721 1159 790 1215 Exc.
806 1156 831 1222 Ι,
850 1172 880 1214 ut
891 1155 961 1213 adeo
973 1156 1092 1232 Trojani
1107 1156 1214 1215 sedibus
1223 1157 1252 1215 in
1266 1156 1353 1216 Latio

370 1251 496 1331 acceptia
510 1251 546 1310 de
558 1270 632 1310 nova
647 1249 714 1307 urbe
733 1247 864 1312 Lavinio,
878 1267 912 1304 ex
925 1245 1028 1305 soedere
1047 1246 1201 1313 condenda,
1224 1246 1353 1326 cogitare

370 1344 432 1421 jam
446 1359 505 1402 tum
525 1343 640 1423 possent.
679 1338 712 1396 In
733 1340 786 1396 hoc
807 1338 878 1396 adeo
896 1337 1023 1398 AEneidis
1041 1355 1235 1417 argumentum
1247 1336 1354 1397 absolvi

372 1433 504 1493 vidimus.
544 1430 664 1509 Reliqua
674 1449 725 1509 per
738 1426 860 1506 episodia
872 1428 973 1486 inserta
987 1429 1080 1506 pallim
1094 1429 1165 1487 suut.

343 1561 350 1574 ·
412 1546 441 1585 aa
455 1526 491 1583 C.
508 1525 548 1582 N.
571 1544 656 1601 ¹¹77·
697 1523 792 1580 Error.
813 1520 910 1578 AEneae
925 1523 954 1587 8,
973 1520 1009 1579 ab
1021 1520 1144 1580 adventu
1157 1521 1184 1579 iu
1196 1521 1306 1581 Italiam
1321 1541 1353 1580 2.

415 1615 488 1673 Solis
510 1612 642 1688 Trojanis
665 1611 785 1687 imperat
804 1612 908 1671 AEneas
927 1610 962 1668 ad
975 1610 1102 1687 Dionysii
1115 1627 1235 1670 mentem
1254 1614 1302 1671 lib.
1326 1612 1355 1680 l,

374 1705 427 1782 64.
468 1703 544 1763 Anni
557 1706 690 1762 adventus
707 1704 800 1760 AEneae
811 1702 842 1760 in
854 1701 964 1759 Italiam
978 1700 1013 1759 ab
1025 1702 1172 1760 audlumno
1184 1704 1220 1761 ad
1229 1704 1355 1762 austum-

377 1815 444 1855 num
458 1793 627 1873 procedunt:
647 1794 773 1869 adeoque
786 1812 873 1850 annus
896 1793 940 1850 hic
963 1811 1014 1869 pru
1034 1790 1126 1867 primo
1143 1807 1172 1852 et
1191 1812 1244 1872 pro
1265 1795 1356 1854 alteru

376 1885 533 1965 computari
545 1886 653 1964 putesl;
673 1883 718 1941 sed
731 1887 786 1940 hoc
798 1883 915 1940 alterum
930 1882 1063 1940 usitatior.

534 1994 561 2033 a.
575 1974 611 2030 C.
626 1971 668 2031 N.
693 1971 778 2048 1176.
799 1991 826 2028 a.
848 1971 983 2029 adventus
996 1972 1025 2028 in
1039 1970 1150 2029 ltaliam
1172 1991 1199 2048 3.

416 2064 524 2124 Bellum
546 2063 709 2122 Latinorum
728 2061 972 2141 Trojanorumque
993 2081 1057 2120 cum
1078 2062 1198 2120 Rutulis.
1239 2060 1357 2120 Latinus

377 2166 408 2214 et
431 2155 545 2214 Tumut
567 2153 596 2211 iu
619 2152 715 2229 prelio
739 2152 853 2210 cadunt.
902 2152 1005 2210 AEneas
1027 2152 1099 2211 solus
1122 2152 1230 2231 utrique
1251 2153 1357 2233 populo

377 2244 517 2321 imperat:
539 2241 573 2300 ad
585 2256 705 2302 mentem
716 2240 840 2318 Dionysii
851 2242 901 2300 lib.
915 2241 941 2308 1,
960 2242 1009 2320 64.

419 2335 512 2395 Aliter
523 2333 659 2409 Virgilius
668 2334 755 2391 noller
768 2353 810 2391 res
823 2333 916 2392 AEneae
926 2333 1075 2413 disposuit,
1097 2335 1223 2413 sequutus
1236 2353 1295 2399 eoa,
1309 2330 1358 2412 qui

379 2423 499 2483 AEneam
510 2423 594 2481 tertio
607 2421 693 2480 slatim
704 2441 777 2480 anno
793 2422 873 2481 rebus
890 2424 1015 2482 humanit
1028 2441 1155 2503 ereptum
1169 2441 1358 2484 narraverant.

380 2515 458 2575 Nam
471 2513 521 2573 lib.
545 2514 573 2580 1,
595 2510 749 2589 263-266
764 2511 875 2588 Jupiter
887 2513 992 2571 Veneri
1014 2514 1108 2573 AEneae
1120 2516 1178 2573 sata
1196 2535 1358 2593 exponent:

380 2604 492 2670 Bellum,
513 2602 563 2668 alt,
583 2609 667 2680 ingens
681 2617 753 2677 geret
772 2602 857 2659 Italia
873 2604 1122 2682 populosqueferoces
1136 2608 1288 2684 Contrgadet,
1304 2629 1360 2664 ara-

381 2702 467 2774 resque
479 2700 551 2754 viris
562 2711 587 2752 et
600 2699 695 2751 mania
705 2707 781 2767 ponet
788 2714 798 2760 3
833 2691 926 2751 Tertia
939 2697 996 2752 darn
1010 2695 1086 2753 Latio
1098 2713 1242 2774 regnantem
1256 2699 1361 2756 viderit

382 2791 470 2866 estas,
491 2782 623 2864 Ternaqae
635 2785 783 2860 transierint
797 2782 900 2840 Rutulis
912 2783 1021 2843 hiberna
1022 2785 1151 2862 subactis,
1168 2788 1242 2865 quod
1255 2787 1362 2846 scilicet

384 2877 477 2956 primo
498 2876 587 2934 [latim
608 2892 680 2931 anno
700 2890 760 2930 erat
779 2872 892 2931 saltum.
933 2876 970 2932 Et
984 2896 1018 2934 eo
1030 2876 1149 2952 spectant
1159 2877 1226 2936 dirae
1239 2878 1360 2936 Didonis
1417 2897 1419 2902 ¹

384 2964 434 3026 lib.
450 2967 506 3032 lv,
520 2962 676 3023 618-620
695 2983 739 3020 nec
751 2963 918 3040 qurunsesub
930 2963 992 3042 Iegis
998 2974 1073 3043 pacis
1085 2973 1181 3046 inique
1195 2969 1361 3033 Tradiderit,

386 3078 462 3133 regne
471 3072 518 3114 aut
538 3069 627 3131 aptata
639 3053 694 3111 luce
708 3059 835 3130 fruatur.
877 3055 929 3113 Sed
939 3060 1017 3114 cadat
1028 3062 1162 3117 antediem
1174 3062 1304 3136 mediaque
1320 3063 1365 3115 in·

386 3146 503 3203 hunam
514 3167 607 3204 arena.
647 3142 716 3200 Haec
731 3141 766 3201 de
778 3143 898 3202 triennio
912 3146 1005 3203 AEneae
1017 3146 1136 3204 initalia
1148 3150 1246 3206 exalto
1265 3168 1362 3206 narra·

388 3234 429 3293 tio
458 3235 569 3293 videtur
594 3232 658 3290 hinc
684 3232 866 3310 vulgatiffima
889 3233 962 3292 inter
986 3250 1098 3295 caeternu
1127 3239 1207 3296 satia.
1249 3239 1363 3297 Orofiua

388 3343 500 3403 quoque
522 3323 547 3392 l,
575 3328 621 3389 18,
641 3324 746 3389 AEneae,
772 3325 861 3403 qualia
880 3341 929 3403 per
948 3333 1083 3385 triennium
1103 3327 1170 3387 bella
1190 3334 1364 3398 excitaverit,

389 3431 494 3491 quantes
508 3413 608 3491 populos
629 3411 790 3489 implicuerit,
809 3419 863 3472 odio
876 3419 1019 3493 excidioque
1030 3420 1165 3494 afflixerit,
1183 3403 1238 3476 sadi
1249 3418 1365 3480 liter-arii

389 3504 524 3581 disciplina
536 3507 627 3580 nossrae
640 3524 731 3580 quoque
743 3509 866 3561 mentatiae
878 3507 982 3577 inustum
994 3509 1039 3581 est,
1059 3506 1109 3570 ait,
1121 3506 1234 3584 Virgilii
1245 3507 1273 3564 in
1286 3509 1364 3568 scho-

389 3594 423 3651 liu
436 3593 636 3671 praelectionem
656 3607 685 3649 et
697 3591 954 3668 interpretationem
964 3593 1111 3670 respiciens
1124 3593 1173 3652 illo
1183 3594 1273 3654 adhuc
1290 3618 1363 3666 aevo,

391 3683 466 3763 quud
480 3684 544 3742 hinc
557 3682 693 3747 discimus,
714 3682 773 3740 fieri
782 3683 899 3741 solitam.

432 3774 517 3852 Apud
540 3772 710 3849 antiquiores
736 3787 829 3831 tamen
856 3772 1001 3850 scriptores
1024 3785 1053 3830 et
1078 3772 1305 3853 chronographos
1328 3774 1365 3834 de

350 3902 356 3913 .
393 3883 477 3930 anno,
503 3881 559 3938 quo
579 3863 681 3921 AEneat
704 3861 826 3928 decessit,
848 3859 954 3919 diverse
975 3861 1127 3920 admodum
1150 3864 1281 3922 traditum
1301 3865 1367 3923 suit.

394 3951 471 4012 Nam
489 3966 518 4008 et
530 3950 585 4027 ipse
604 3949 753 4027 Dionysius
767 3965 822 4009 tres
841 3971 904 4009 eum
926 3969 1011 4009 annos
1032 3971 1096 4009 cum
1115 3953 1218 4012 Latino
1231 3956 1367 4032 regnasse,

394 4057 494 4122 quarto
507 4040 543 4098 ab
557 4039 615 4114 ejus
638 4056 727 4098 morte
746 4061 819 4100 anuo
831 4042 859 4100 in
874 4060 970 4119 pugna
988 4061 1051 4099 cum
1066 4043 1212 4103 Mezentio
1235 4066 1289 4103 non
1307 4065 1367 4104 am·

393 4135 466 4214 plius
480 4130 630 4210 apparuisse
644 4149 737 4190 narrat
749 4134 798 4190 lib.
811 4131 837 4198 I,
850 4134 900 4209 64.
941 4133 1026 4210 Apud
1042 4135 1199 4210 syncellum
1212 4158 1322 4215 quoque
1337 4156 1368 4214 p.

397 4241 448 4302 ¹7¹
473 4222 510 4282 C.
527 4219 555 4277 D
578 4220 663 4297 (unde
678 4222 775 4280 Euseb.
790 4223 907 4283 Hieron.
922 4223 997 4281 idem
1012 4223 1109 4298 habet)
1135 4239 1190 4283 tres
1208 4229 1267 4306 post
1286 4226 1369 4286 Lati·

395 4334 462 4373 num
476 4331 574 4378 annos,
588 4309 733 4370 secundum
745 4313 813 4371 alios
822 4315 895 4379 ullo,
915 4315 1050 4393 regnasse,
1064 4331 1134 4381 tum,
1148 4331 1177 4375 ut
1190 4317 1236 4376 alii
1247 4319 1369 4388 tradant,

397 4417 507 4481 quarto,
526 4416 554 4457 ut
568 4399 627 4465 alii,
646 4399 813 4460 duodecimo
833 4402 952 4476 aTroja
969 4418 1051 4479 capta
1064 4423 1137 4461 anno
1149 4405 1243 4465 obiisle
1256 4407 1368 4466 dicitur.

398 4491 464 4552 Alio
475 4492 536 4548 loco
550 4510 577 4566 p.
596 4506 650 4567 194
664 4489 850 4568 fragmentum
864 4512 899 4550 ex
909 4492 1028 4553 Diodori
1039 4492 1088 4551 lib.
1103 4495 1161 4553 VII
1174 4496 1304 4564 servavit,
1315 4514 1373 4573 quo

397 4594 581 4641 memoratum
603 4596 675 4645 erat,
696 4581 779 4639 tertio
792 4602 808 4639 a
820 4598 904 4661 capta
921 4583 1011 4660 Troja
1031 4604 1104 4645 anuo
1121 4588 1239 4647 AEueam
1252 4607 1373 4666 regnum

398 4669 564 4732 Latinorum
575 4670 717 4731 obtinuisse
731 4691 782 4750 per
795 4672 955 4734 triennium.

1250 4769 1316 4830 aC.
1332 4769 1372 4831 N.
