3475 6234
292 1083 298 1101 ⁴
383 1084 422 1125 ⁵
501 1154 590 1229 nu
632 1147 916 1225 uranum
964 1140 1067 1219 vnr.
1213 1145 1284 1246 269
1390 1199 1393 1204 ,

306 1356 467 1431 ἰΙΙοςαῙίἀειε
484 1377 566 1436 oquae
577 1353 718 1436 paludosae
732 1347 885 1410 transmeat.
917 1346 957 1407 cf.
980 1345 1038 1424 sup.
1061 1343 1132 1407 Exc.
1155 1341 1218 1403 lad
1230 1338 1282 1403 lib·

310 1445 379 1521 vn,
391 1471 419 1530 p.
443 1468 500 1524 114
513 1464 584 1506 extr.

599 1629 622 1688 E
638 1628 702 1687 XC
716 1627 746 1686 U
759 1626 786 1721 1}
806 1624 825 1684 S
839 1621 870 1684 U
883 1623 902 1681 S
942 1620 995 1681 IV.

622 1739 679 1809 De
708 1736 825 1807 AEneae
856 1732 965 1826 clipeo.

346 1855 506 1951 v1n‚'625
527 1867 603 1944 rupa·
619 1891 667 1926 m
687 1863 847 1924 ennarrabit
868 1879 974 1923 textum.
1014 1861 1123 1921 ravenn
1136 1860 1243 1920 nudem
1255 1861 1287 1922 in

309 1960 449 2041 splendido
458 1960 510 2017 hoc
524 1958 586 2015 loco
601 1955 724 2033 Virgilio
737 1974 792 2013 non
807 1952 904 2031 magia,
927 1972 1008 2029 quam
1022 1951 1051 2010 in
1072 1964 1113 2010 tot
1127 1951 1200 2017 aliie,
1227 1970 1290 2028 quar

310 2047 340 2106 in
361 2046 479 2105 AEneide
505 2042 602 2101 merito
623 2042 764 2110 miramur,
790 2038 897 2109 deberi,
918 2055 982 2098 nota
1003 2059 1044 2098 roe
1060 2040 1106 2099 est.
1146 2037 1292 2100 Praeiverut

312 2134 447 2194 Homerus
459 2133 549 2209 clipeo
563 2130 679 2188 Achillis
692 2129 774 2203 Iliad.
786 2157 816 2194 σ,
834 2143 862 2186 et
877 2127 1024 2198 Hesiodus,
1043 2144 1090 2187 aut
1107 2127 1228 2209 quisquis
1240 2129 1290 2191 ille

310 2224 375 2293 fuit,
394 2222 485 2302 clipeo
497 2219 635 2278 Herculii.
675 2220 729 2274 Sed
741 2216 846 2296 ingenii
859 2216 916 2275 vim
927 2230 1004 2280 tanto
1015 2217 1147 2276 acriorem
1159 2217 1289 2279 adhibuit

312 2319 392 2391 po'e'ta
409 2311 533 2370 ornando
549 2327 576 2367 et
596 2307 760 2391 expoliendo
778 2327 823 2376 eo,
842 2307 916 2387 quod
929 2309 964 2367 ab
977 2307 1037 2366 aliia
1055 2310 1113 2383 jam
1124 2323 1289 2387 occupatum

240 2424 242 2429 ·
311 2399 408 2460 fuerat.
448 2396 536 2476 Atqui
547 2417 597 2456 nec
609 2417 640 2455 ea
653 2394 757 2475 ingenii
771 2395 987 2456 infimalaneest·
1021 2395 1290 2477 Qaeauteminhoe

311 2485 434 2564 epifodio
459 2484 585 2563 inprimis
606 2483 746 2563 probanda
761 2485 833 2554 sunt,
859 2485 916 2544 hae
934 2484 986 2543 effe
1002 2484 1138 2544 arbitror:
1157 2484 1289 2564 primum,

283 2574 287 2587 '
313 2575 385 2653 quod
401 2588 592 2654 argumentum
610 2572 693 2652 elegit
712 2589 917 2653 argumentum
937 2574 1051 2634 consilio
1064 2573 1194 2632 carminis
1205 2575 1289 2636 lesto-

311 2681 425 2742 ruruque
450 2664 635 2723 Romanorum
662 2664 778 2743 ingeniis
802 2664 926 2743 inprimis
950 2664 1197 2733 accommodatum,
1223 2682 1290 2725 eum

279 2808 286 2825 ‚
312 2748 450 2813 Homerus
462 2766 568 2811 tantum
585 2752 723 2811 mirabilia
743 2753 784 2811 vel
797 2752 921 2831 adspectu
935 2767 982 2810 aut
1002 2752 1132 2812 varietate
1140 2766 1219 2832 gruta
1231 2753 1290 2813 seo·
1417 2794 1423 2811 r

313 2852 381 2899 ntur
392 2842 455 2900 effet
466 2865 476 2912 ;
497 2840 573 2899 Fecit
591 2840 620 2898 id
633 2860 715 2918 porro
727 2861 791 2899 cum
802 2841 905 2899 summa
916 2841 1051 2920 majestate
1064 2842 1219 2911 verborum,
1230 2842 1290 2901 sen·

308 2928 493 2988 tentintumet
507 2929 719 3007 phantasmatum
728 2954 737 3000 3
757 2927 947 3007 Consequutua
965 2929 1047 2988 etiam
1058 2930 1095 2988 est
1114 2949 1196 2988 novas
1207 2929 1291 2990 mira·

312 3015 394 3076 tionis
405 3017 505 3077 caussas
515 3037 562 3096 per
582 3015 877 3096 expofitionemserum
900 3016 1063 3087 futurarum,
1085 3037 1199 3096 quarum
1218 3039 1289 3100 cog·

313 3102 505 3166 noscendamm
516 3106 622 3164 animus
632 3104 762 3164 humanus
773 3104 936 3163 avidiffimus
952 3106 1006 3162 est:
1027 3106 1153 3185 Cumque
1165 3108 1233 3166 adeo
1248 3125 1290 3166 roe

313 3193 450 3254 Romanae
460 3210 597 3271 tanaquam
610 3193 734 3251 vaticinii
745 3194 836 3271 aliquo
845 3213 944 3272 genere
950 3207 1080 3261 narraret,
1091 3193 1126 3252 ad
1133 3195 1291 3273 graviorem

312 3283 435 3363 spiritum
448 3285 591 3362 affurgere,
604 3301 644 3339 res
656 3282 690 3339 ad
704 3282 863 3340 miraculum
878 3281 998 3350 evehere,
1017 3301 1126 3361 augere,
1146 3299 1174 3343 et
1192 3287 1292 3365 ampli.

313 3374 390 3447 ficare
402 3387 463 3430 tuto
478 3372 579 3450 potuit.
619 3370 686 3426 Saue
699 3370 810 3448 quidem
823 3370 918 3429 AEneae
930 3370 1023 3427 omnia
1034 3370 1094 3441 ista,
1112 3392 1174 3451 quae
1190 3375 1220 3435 in
1235 3377 1291 3436 cli·

290 3504 297 3521 .
313 3481 362 3541 peo
372 3460 492 3539 expressa
505 3459 627 3528 videbar,
651 3459 757 3537 prorsus
768 3459 883 3517 obscura
894 3455 943 3517 'esse
956 3458 1107 3518 debuemnt
1117 3483 1127 3531 ς
1160 3485 1290 3546 rerumque

312 3559 417 3629 iguem
428 3558 537 3627 imagine
554 3550 671 3626 gaudem
691 3567 784 3605 verum
798 3546 826 3604 in
839 3546 883 3607 hia
899 3547 1027 3607 leiiorum
1039 3548 1132 3627 potina
1143 3553 1288 3633 yoluptati,

312 3657 392 3716 quam
405 3633 495 3693 heroii
504 3634 634 3711 personae,
648 3635 787 3692 consulere
799 3634 887 3695 licuit.

267 3782 270 3793 ,
349 3725 394 3785 Ex
412 3725 517 3799 artificii
532 3733 625 3781 veteris
643 3726 797 3800 dcscrptione
815 3723 904 3800 paffim
919 3729 1006 3801 pohtae
1016 3727 1168 3788 carminum
1180 3728 1289 3791 suorum

261 3820 266 3835 '
292 3840 297 3845 ·
313 3829 469 3878 ornamenta
481 3811 624 3891 petierunt,
644 3832 699 3888 quo
718 3827 817 3869 veteres
830 3811 932 3870 fabulas
945 3812 974 3870 in
991 3832 1025 3871 eo
1036 3818 1167 3894 expreffas
1183 3839 1290 3879 narrare

230 3911 237 3935 ⁸
313 3909 415 3968 liceret.
455 3901 532 3959 Inter
544 3900 618 3957 varia
636 3899 744 3958 inventa
756 3901 861 3959 nullum
874 3916 962 3959 tamen
975 3901 1049 3960 aliud
1064 3925 1147 3982 genus
1159 3925 1291 3986 opportu-

280 3988 284 4001 ’
315 3995 374 4056 nius
384 3978 556 4054 esse'videmr
568 3990 668 4067 clipeo,
692 3992 711 4049 fi
723 3990 840 4068 priscum
852 3992 954 4069 clipeos
967 3992 1071 4069 sculpto
1083 4013 1163 4071 opere
1172 3998 1291 4060 ornandi

313 4103 416 4145 morem
436 4093 551 4165 reputes.
590 4079 684 4137 Multo
707 4081 796 4137 minus
815 4081 959 4138 commode
981 4101 1008 4139 v.
1031 4101 1057 4139 c.
1080 4085 1242 4161 Apollonius
1262 4087 1291 4160 1,

299 4184 304 4199 '
333 4191 364 4232 ιι
388 4173 449 4250 sqq.
470 4167 687 4228 fabulaaIasonis
699 4172 776 4249 pallae
788 4171 906 4229 intextas
917 4186 1034 4235 enarrat,
1054 4170 1170 4251 Europae
1181 4176 1291 4236 calatho

347 4255 594 4330 oschusldyll.11,
616 4278 650 4334 37
665 4258 736 4336 sqq„
757 4258 786 4316 in
801 4259 869 4315 veste
878 4259 992 4334 stragula
1005 4258 1108 4317 Catuli.
1123 4261 1235 4334 LXIV,
1250 4286 1289 4345 50

312 4348 382 4428 sqq„
403 4347 433 4405 in
446 4361 549 4403 cratere
566 4348 694 4422 express'as
708 4345 811 4404 fabular
825 4346 899 4404 Met.
920 4344 1007 4416 XIII,
1027 4347 1078 4408 681
1103 4365 1130 4408 et
1143 4351 1172 4410 in
1184 4353 1291 4414 foribus

313 4441 393 4519 regiae
406 4435 478 4495 Solia
490 4435 540 4492 lib.
554 4433 595 4503 11,
611 4455 625 4514 5
640 4437 698 4513 sqq.
719 4436 848 4494 Ovidius.
887 4436 920 4495 In
931 4437 1002 4515 palla
1016 4437 1176 4503 Harmoniae
1193 4446 1289 4507 orbem

313 4547 443 4592 tertarum
464 4546 514 4584 acu
527 4525 629 4605 picium
650 4527 761 4584 exhibet
773 4527 891 4586 Nonnus
901 4519 1018 4607 Dionys.
1033 4527 1113 4600 XLI,
1122 4553 1151 4609 p.
1164 4555 1248 4612 1070,
1260 4553 1290 4597 et

315 4619 350 4680 fle
362 4619 410 4679 alii
422 4614 488 4676 alia.
503 4615 541 4673 cf.
563 4616 676 4675 Excurs.
688 4615 737 4678 1v.
745 4614 782 4675 ad
791 4616 840 4676 lib.
855 4616 895 4684 V,
908 4616 955 4677 ubi
965 4617 1028 4676 add.
1041 4621 1140 4679 uestem
1153 4623 1291 4700 Sybaritae

314 4706 472 4769 inAristot.
484 4704 590 4764 Mirab.
613 4707 711 4767 Audit.
725 4728 752 4767 c.
767 4728 804 4787 99
818 4707 895 4769 etibi
908 4724 966 4770 not.
1007 4709 1133 4785 Nuliain
1146 4711 1187 4771 his
1199 4711 1293 4773 omni·

314 4793 506 4861 hurmateria,
531 4796 635 4855 nullum
648 4797 715 4857 artis
738 4816 820 4878 opus,
849 4819 905 4878 quo
927 4817 1060 4878 magnam
1083 4819 1175 4862 rerum
1197 4802 1290 4862 varie·

314 4898 399 4950 tutem
416 4884 579 4967 expiatam,
598 4884 662 4949 satir
673 4886 747 4950 cehe
757 4890 955 4952 commemoret
967 4887 1079 4970 eliquia.

1089 5003 1094 5016 .
1161 4978 1291 5043 Acumen
