<?xml version="1.0" encoding="UTF-8"?>
<!DOCTYPE html PUBLIC "-//W3C//DTD XHTML 1.0 Transitional//EN"
    "http://www.w3.org/TR/xhtml1/DTD/xhtml1-transitional.dtd">
<html xmlns="http://www.w3.org/1999/xhtml" xml:lang="en" lang="en">
 <head>
  <title>
</title>
<meta http-equiv="Content-Type" content="text/html;charset=utf-8" />
  <meta name='ocr-system' content='tesseract 3.04.00' />
  <meta name='ocr-capabilities' content='ocr_page ocr_carea ocr_par ocr_line ocrx_word'/>
</head>
<body>
  <div class='ocr_page' id='page_1' title='image "./operavarietatel01virggoog_0097.png"; bbox 0 0 3475 6234; ppageno 0'>
   <div class='ocr_carea' id='block_1_1' title="bbox 558 866 1351 984">
    <p class='ocr_par' dir='ltr' id='par_1_1' title="bbox 558 866 1351 984">
     <span class='ocr_line' id='line_1_1' title="bbox 558 866 1351 984; baseline -0.02 -28"><span class='ocrx_word' id='word_1_1' title='bbox 558 870 887 962; x_wconf 79' lang='lat' dir='ltr'>AEuuruos,</span> <span class='ocrx_word' id='word_1_2' title='bbox 928 867 1044 974; x_wconf 66' lang='lat' dir='ltr'>tiu.</span> <span class='ocrx_word' id='word_1_3' title='bbox 1083 866 1170 945; x_wconf 88' lang='lat' dir='ltr'>vu.</span> <span class='ocrx_word' id='word_1_4' title='bbox 1307 888 1351 984; x_wconf 80' lang='lat'>⁸9</span> 
     </span>
    </p>
   </div>
   <div class='ocr_carea' id='block_1_2' title="bbox 370 1057 1354 1433">
    <p class='ocr_par' dir='ltr' id='par_1_2' title="bbox 370 1057 1354 1433">
     <span class='ocr_line' id='line_1_2' title="bbox 372 1057 1192 1169; baseline -0.022 -21"><span class='ocrx_word' id='word_1_5' title='bbox 372 1071 502 1150; x_wconf 82' lang='lat' dir='ltr'>Funere</span> <span class='ocrx_word' id='word_1_6' title='bbox 519 1069 621 1144; x_wconf 85' lang='lat' dir='ltr'>felici</span> <span class='ocrx_word' id='word_1_7' title='bbox 640 1065 786 1165; x_wconf 91' lang='lat' dir='ltr'>spolior.</span> <span class='ocrx_word' id='word_1_8' title='bbox 837 1060 917 1134; x_wconf 87' lang='lat' dir='ltr'>Nec</span> <span class='ocrx_word' id='word_1_9' title='bbox 932 1060 1037 1169; x_wconf 88' lang='lat' dir='ltr'>plura</span> <span class='ocrx_word' id='word_1_10' title='bbox 1052 1057 1192 1132; x_wconf 84' lang='lat' dir='ltr'>locutus</span> 
     </span>
     <span class='ocr_line' id='line_1_3' title="bbox 370 1193 1353 1307; baseline -0.016 -23"><span class='ocrx_word' id='word_1_11' title='bbox 370 1208 491 1307; x_wconf 83' lang='lat' dir='ltr'>Saepstt</span> <span class='ocrx_word' id='word_1_12' title='bbox 507 1206 542 1279; x_wconf 88' lang='lat' dir='ltr'>se</span> <span class='ocrx_word' id='word_1_13' title='bbox 559 1205 677 1290; x_wconf 67' lang='lat' dir='ltr'>tediis,</span> <span class='ocrx_word' id='word_1_14' title='bbox 700 1221 889 1296; x_wconf 84' lang='lat' dir='ltr'>rerumque</span> <span class='ocrx_word' id='word_1_15' title='bbox 901 1195 1045 1292; x_wconf 90' lang='lat' dir='ltr'>reliquit</span> <span class='ocrx_word' id='word_1_16' title='bbox 1061 1195 1228 1269; x_wconf 82' lang='lat' dir='ltr'>habenas.</span> <span class='ocrx_word' id='word_1_17' title='bbox 1280 1193 1353 1269; x_wconf 89' lang='lat'>600</span> 
     </span>
     <span class='ocr_line' id='line_1_4' title="bbox 418 1329 1354 1433; baseline -0.014 -18"><span class='ocrx_word' id='word_1_18' title='bbox 418 1344 507 1415; x_wconf 86' lang='lat' dir='ltr'>Mos</span> <span class='ocrx_word' id='word_1_19' title='bbox 532 1358 609 1416; x_wconf 88' lang='lat' dir='ltr'>erat</span> <span class='ocrx_word' id='word_1_20' title='bbox 640 1333 821 1433; x_wconf 87' lang='lat' dir='ltr'>Hesperio</span> <span class='ocrx_word' id='word_1_21' title='bbox 846 1331 884 1403; x_wconf 91' lang='lat' dir='ltr'>in</span> <span class='ocrx_word' id='word_1_22' title='bbox 916 1329 1034 1418; x_wconf 91' lang='lat' dir='ltr'>Latio,</span> <span class='ocrx_word' id='word_1_23' title='bbox 1055 1352 1165 1425; x_wconf 88' lang='lat' dir='ltr'>quem</span> <span class='ocrx_word' id='word_1_24' title='bbox 1192 1332 1354 1426; x_wconf 81' lang='lat' dir='ltr'>protinus</span> 
     </span>
    </p>
   </div>
   <div class='ocr_carea' id='block_1_3' title="bbox 376 1474 1290 1692">
    <p class='ocr_par' dir='ltr' id='par_1_3' title="bbox 376 1474 1290 1692">
     <span class='ocr_line' id='line_1_5' title="bbox 513 1474 622 1549; baseline -0.028 0"><span class='ocrx_word' id='word_1_25' title='bbox 513 1474 622 1549; x_wconf 84' lang='lat' dir='ltr'>urbes</span> 
     </span>
     <span class='ocr_line' id='line_1_6' title="bbox 376 1603 1290 1692; baseline -0.019 -5"><span class='ocrx_word' id='word_1_26' title='bbox 376 1613 522 1687; x_wconf 73' lang='lat' dir='ltr'>Albanae</span> <span class='ocrx_word' id='word_1_27' title='bbox 535 1607 683 1683; x_wconf 88' lang='lat' dir='ltr'>coluere</span> <span class='ocrx_word' id='word_1_28' title='bbox 699 1603 851 1692; x_wconf 90' lang='lat' dir='ltr'>sacrum,</span> <span class='ocrx_word' id='word_1_29' title='bbox 875 1622 969 1674; x_wconf 91' lang='lat' dir='ltr'>nunc</span> <span class='ocrx_word' id='word_1_30' title='bbox 987 1622 1156 1674; x_wconf 87' lang='lat' dir='ltr'>maxuma</span> <span class='ocrx_word' id='word_1_31' title='bbox 1170 1604 1290 1672; x_wconf 86' lang='lat' dir='ltr'>r&#39;erum</span> 
     </span>
    </p>
   </div>
   <div class='ocr_carea' id='block_1_4' title="bbox 378 1735 1361 2250">
    <p class='ocr_par' dir='ltr' id='par_1_4' title="bbox 379 1735 1359 1969">
     <span class='ocr_line' id='line_1_7' title="bbox 379 1735 1359 1841; baseline -0.014 -16"><span class='ocrx_word' id='word_1_32' title='bbox 379 1748 491 1825; x_wconf 85' lang='lat' dir='ltr'>Roma</span> <span class='ocrx_word' id='word_1_33' title='bbox 521 1746 626 1835; x_wconf 90' lang='lat' dir='ltr'>colit,</span> <span class='ocrx_word' id='word_1_34' title='bbox 664 1767 778 1841; x_wconf 90' lang='lat' dir='ltr'>quum</span> <span class='ocrx_word' id='word_1_35' title='bbox 820 1740 939 1837; x_wconf 88' lang='lat' dir='ltr'>prima</span> <span class='ocrx_word' id='word_1_36' title='bbox 964 1755 1111 1812; x_wconf 89' lang='lat' dir='ltr'>movent</span> <span class='ocrx_word' id='word_1_37' title='bbox 1151 1735 1187 1809; x_wconf 89' lang='lat' dir='ltr'>in</span> <span class='ocrx_word' id='word_1_38' title='bbox 1225 1737 1359 1835; x_wconf 86' lang='lat' dir='ltr'>proelia</span> 
     </span>
     <span class='ocr_line' id='line_1_8' title="bbox 517 1882 692 1969; baseline -0.006 -16"><span class='ocrx_word' id='word_1_39' title='bbox 517 1882 692 1969; x_wconf 88' lang='lat' dir='ltr'>Martem,</span> 
     </span>
    </p>

    <p class='ocr_par' dir='ltr' id='par_1_5' title="bbox 378 1984 1247 2104">
     <span class='ocr_line' id='line_1_9' title="bbox 378 1984 1247 2104; baseline -0.012 -12"><span class='ocrx_word' id='word_1_40' title='bbox 378 2018 454 2092; x_wconf 84' lang='lat' dir='ltr'>Siue</span> <span class='ocrx_word' id='word_1_41' title='bbox 471 2016 576 2090; x_wconf 81' lang='lat' dir='ltr'>Getis</span> <span class='ocrx_word' id='word_1_42' title='bbox 593 2015 722 2088; x_wconf 81' lang='lat' dir='ltr'>inserte</span> <span class='ocrx_word' id='word_1_43' title='bbox 737 1984 847 2087; x_wconf 85' lang='lat' dir='ltr'>inanu</span> <span class='ocrx_word' id='word_1_44' title='bbox 863 2007 1083 2104; x_wconf 86' lang='lat' dir='ltr'>lacrimabile</span> <span class='ocrx_word' id='word_1_45' title='bbox 1098 2007 1247 2098; x_wconf 86' lang='lat' dir='ltr'>bellurn,</span> 
     </span>
    </p>

    <p class='ocr_par' dir='ltr' id='par_1_6' title="bbox 379 2143 1361 2250">
     <span class='ocr_line' id='line_1_10' title="bbox 379 2143 1361 2250; baseline -0.007 -23"><span class='ocrx_word' id='word_1_46' title='bbox 379 2152 599 2250; x_wconf 83' lang='lat' dir='ltr'>Hyrcanisve</span> <span class='ocrx_word' id='word_1_47' title='bbox 616 2149 789 2224; x_wconf 84' lang='lat' dir='ltr'>Arabisve</span> <span class='ocrx_word' id='word_1_48' title='bbox 803 2166 939 2247; x_wconf 88' lang='lat' dir='ltr'>parant,</span> <span class='ocrx_word' id='word_1_49' title='bbox 947 2146 1005 2220; x_wconf 87' lang='lat' dir='ltr'>seu</span> <span class='ocrx_word' id='word_1_50' title='bbox 1018 2144 1163 2219; x_wconf 86' lang='lat' dir='ltr'>tendere</span> <span class='ocrx_word' id='word_1_51' title='bbox 1179 2144 1224 2216; x_wconf 94' lang='lat' dir='ltr'>ad</span> <span class='ocrx_word' id='word_1_52' title='bbox 1239 2143 1361 2238; x_wconf 88' lang='lat' dir='ltr'>Indos,</span> 
     </span>
    </p>
   </div>
   <div class='ocr_carea' id='block_1_5' title="bbox 377 2339 1365 2800">
    <p class='ocr_par' dir='ltr' id='par_1_7' title="bbox 377 2339 1365 2800">
     <span class='ocr_line' id='line_1_11' title="bbox 406 2339 1360 2416; baseline -0.01 -15"><span class='ocrx_word' id='word_1_53' title='bbox 406 2364 466 2416; x_wconf 76' lang='lat'>599.</span> <span class='ocrx_word' id='word_1_54' title='bbox 486 2352 630 2416; x_wconf 66' lang='lat' dir='ltr'>Munpr.</span> <span class='ocrx_word' id='word_1_55' title='bbox 646 2345 860 2398; x_wconf 63' lang='lat' dir='ltr'>mora—600.</span> <span class='ocrx_word' id='word_1_56' title='bbox 879 2346 976 2408; x_wconf 73' lang='lat' dir='ltr'>relinquit</span> <span class='ocrx_word' id='word_1_57' title='bbox 997 2343 1099 2406; x_wconf 82' lang='lat' dir='ltr'>Mcnag.</span> <span class='ocrx_word' id='word_1_58' title='bbox 1124 2339 1360 2407; x_wconf 67' lang='lat' dir='ltr'>uterque-601.</span> 
     </span>
     <span class='ocr_line' id='line_1_12' title="bbox 379 2418 1364 2492; baseline -0.009 -15"><span class='ocrx_word' id='word_1_59' title='bbox 379 2430 399 2476; x_wconf 77' lang='grc' dir='ltr'>ἰ</span> <span class='ocrx_word' id='word_1_60' title='bbox 415 2430 485 2476; x_wconf 74' lang='lat' dir='ltr'>Lario</span> <span class='ocrx_word' id='word_1_61' title='bbox 502 2428 604 2492; x_wconf 56' lang='lat' dir='ltr'>Hyperia</span> <span class='ocrx_word' id='word_1_62' title='bbox 614 2425 707 2490; x_wconf 78' lang='lat' dir='ltr'>aliquot</span> <span class='ocrx_word' id='word_1_63' title='bbox 718 2424 781 2472; x_wconf 83' lang='lat' dir='ltr'>Pier.</span> <span class='ocrx_word' id='word_1_64' title='bbox 814 2443 872 2489; x_wconf 75' lang='lat' dir='ltr'>quea</span> <span class='ocrx_word' id='word_1_65' title='bbox 887 2433 926 2487; x_wconf 81' lang='lat' dir='ltr'>pr.</span> <span class='ocrx_word' id='word_1_66' title='bbox 941 2439 983 2468; x_wconf 76' lang='lat' dir='ltr'>una</span> <span class='ocrx_word' id='word_1_67' title='bbox 998 2419 1096 2467; x_wconf 86' lang='lat' dir='ltr'>Thuan.</span> <span class='ocrx_word' id='word_1_68' title='bbox 1109 2419 1221 2470; x_wconf 85' lang='lat' dir='ltr'>Macrob.</span> <span class='ocrx_word' id='word_1_69' title='bbox 1234 2420 1274 2477; x_wconf 85' lang='grc' dir='ltr'>ΙΙΙ,</span> <span class='ocrx_word' id='word_1_70' title='bbox 1292 2418 1307 2467; x_wconf 83' lang='grc'><strong>8</strong></span> <span class='ocrx_word' id='word_1_71' title='bbox 1325 2435 1364 2468; x_wconf 81' lang='lat' dir='ltr'>ar·</span> 
     </span>
     <span class='ocr_line' id='line_1_13' title="bbox 377 2499 1365 2574; baseline -0.013 -19"><span class='ocrx_word' id='word_1_72' title='bbox 377 2517 476 2574; x_wconf 63' lang='lat' dir='ltr'>‘matur</span> <span class='ocrx_word' id='word_1_73' title='bbox 492 2503 563 2569; x_wconf 78' lang='lat' dir='ltr'>super</span> <span class='ocrx_word' id='word_1_74' title='bbox 573 2519 628 2552; x_wconf 74' lang='lat' dir='ltr'>voc.</span> <span class='ocrx_word' id='word_1_75' title='bbox 650 2501 824 2559; x_wconf 64' lang='lat' dir='ltr'>uon—604.</span> <span class='ocrx_word' id='word_1_76' title='bbox 843 2503 896 2548; x_wconf 80' lang='lat' dir='ltr'>Sr&#39;ve</span> <span class='ocrx_word' id='word_1_77' title='bbox 909 2501 938 2547; x_wconf 88' lang='lat' dir='ltr'>G.</span> <span class='ocrx_word' id='word_1_78' title='bbox 951 2500 968 2547; x_wconf 82' lang='lat' dir='ltr'>l.</span> <span class='ocrx_word' id='word_1_79' title='bbox 978 2516 1051 2547; x_wconf 74' lang='lat' dir='ltr'>manus</span> <span class='ocrx_word' id='word_1_80' title='bbox 1061 2500 1102 2562; x_wconf 85' lang='lat' dir='ltr'>seu</span> <span class='ocrx_word' id='word_1_81' title='bbox 1111 2502 1190 2547; x_wconf 65' lang='lat' dir='ltr'>rendre</span> <span class='ocrx_word' id='word_1_82' title='bbox 1201 2503 1232 2548; x_wconf 81' lang='lat' dir='ltr'>ad</span> <span class='ocrx_word' id='word_1_83' title='bbox 1241 2501 1301 2546; x_wconf 75' lang='lat' dir='ltr'>Iudas</span> <span class='ocrx_word' id='word_1_84' title='bbox 1312 2499 1365 2550; x_wconf 78' lang='lat' dir='ltr'>lau.</span> 
     </span>
     <span class='ocr_line' id='line_1_14' title="bbox 379 2574 1365 2645; baseline -0.008 -12"><span class='ocrx_word' id='word_1_85' title='bbox 379 2584 418 2633; x_wconf 76' lang='lat' dir='ltr'>dar</span> <span class='ocrx_word' id='word_1_86' title='bbox 429 2580 509 2635; x_wconf 80' lang='lat' dir='ltr'>Scbol,</span> <span class='ocrx_word' id='word_1_87' title='bbox 521 2581 613 2645; x_wconf 86' lang='lat' dir='ltr'>Cruqu.</span> <span class='ocrx_word' id='word_1_88' title='bbox 626 2578 657 2628; x_wconf 85' lang='lat' dir='ltr'>ad</span> <span class='ocrx_word' id='word_1_89' title='bbox 669 2581 754 2627; x_wconf 82' lang='lat' dir='ltr'>Horat.</span> <span class='ocrx_word' id='word_1_90' title='bbox 769 2580 802 2625; x_wconf 90' lang='grc' dir='ltr'>ΙΙΙ</span> <span class='ocrx_word' id='word_1_91' title='bbox 812 2578 860 2627; x_wconf 92' lang='lat' dir='ltr'>Od.</span> <span class='ocrx_word' id='word_1_92' title='bbox 876 2590 917 2634; x_wconf 70' lang='lat' dir='ltr'>aa.</span> <span class='ocrx_word' id='word_1_93' title='bbox 949 2574 1069 2625; x_wconf 82' lang='lat' dir='ltr'>Charifiua</span> <span class='ocrx_word' id='word_1_94' title='bbox 1077 2588 1157 2624; x_wconf 86' lang='lat' dir='ltr'>autem</span> <span class='ocrx_word' id='word_1_95' title='bbox 1168 2575 1210 2628; x_wconf 90' lang='lat' dir='ltr'>lib.</span> <span class='ocrx_word' id='word_1_96' title='bbox 1227 2579 1237 2625; x_wconf 94' lang='lat'>1</span> <span class='ocrx_word' id='word_1_97' title='bbox 1251 2575 1306 2626; x_wconf 78' lang='lat' dir='ltr'>lull.</span> <span class='ocrx_word' id='word_1_98' title='bbox 1318 2580 1365 2626; x_wconf 84' lang='lat' dir='ltr'>Gr.</span> 
     </span>
     <span class='ocr_line' id='line_1_15' title="bbox 380 2654 1365 2728; baseline 0.002 -26"><span class='ocrx_word' id='word_1_99' title='bbox 380 2671 446 2728; x_wconf 62' lang='grc' dir='ltr'>ΜΊ</span> <span class='ocrx_word' id='word_1_100' title='bbox 461 2659 594 2722; x_wconf 52' lang='lat' dir='ltr'>Hyrcanisve</span> <span class='ocrx_word' id='word_1_101' title='bbox 603 2659 636 2706; x_wconf 82' lang='lat' dir='ltr'>A.</span> <span class='ocrx_word' id='word_1_102' title='bbox 646 2666 728 2722; x_wconf 77' lang='lat' dir='ltr'>parant</span> <span class='ocrx_word' id='word_1_103' title='bbox 735 2657 908 2704; x_wconf 62' lang='lat' dir='ltr'>Mendesium.</span> <span class='ocrx_word' id='word_1_104' title='bbox 930 2654 982 2719; x_wconf 74' lang='lat' dir='ltr'>strae</span> <span class='ocrx_word' id='word_1_105' title='bbox 998 2657 1078 2718; x_wconf 72' lang='lat' dir='ltr'>r&#39;nfim</span> <span class='ocrx_word' id='word_1_106' title='bbox 1099 2673 1178 2704; x_wconf 72' lang='lat' dir='ltr'>munus.</span> <span class='ocrx_word' id='word_1_107' title='bbox 1211 2656 1278 2704; x_wconf 88' lang='lat' dir='ltr'>Tum</span> <span class='ocrx_word' id='word_1_108' title='bbox 1292 2655 1365 2708; x_wconf 86' lang='lat' dir='ltr'>Witt.</span> 
     </span>
     <span class='ocr_line' id='line_1_16' title="bbox 384 2729 1364 2800; baseline -0.004 -13"><span class='ocrx_word' id='word_1_109' title='bbox 384 2737 470 2787; x_wconf 57' lang='lat' dir='ltr'>Gabis.</span> <span class='ocrx_word' id='word_1_110' title='bbox 500 2733 564 2783; x_wconf 77' lang='lat' dir='ltr'>Trea</span> <span class='ocrx_word' id='word_1_111' title='bbox 580 2749 618 2800; x_wconf 82' lang='lat' dir='ltr'>ap.</span> <span class='ocrx_word' id='word_1_112' title='bbox 632 2733 715 2782; x_wconf 80' lang='lat' dir='ltr'>Heius.</span> <span class='ocrx_word' id='word_1_113' title='bbox 730 2729 947 2792; x_wconf 69' lang='lat' dir='ltr'>naam—605.</span> <span class='ocrx_word' id='word_1_114' title='bbox 966 2731 1105 2799; x_wconf 75' lang='lat' dir='ltr'>Hircaaisque</span> <span class='ocrx_word' id='word_1_115' title='bbox 1121 2731 1193 2781; x_wconf 89' lang='lat' dir='ltr'>multi</span> <span class='ocrx_word' id='word_1_116' title='bbox 1205 2733 1268 2780; x_wconf 73' lang='lat' dir='ltr'>Pacu.</span> <span class='ocrx_word' id='word_1_117' title='bbox 1289 2743 1314 2781; x_wconf 83' lang='lat' dir='ltr'>et</span> <span class='ocrx_word' id='word_1_118' title='bbox 1324 2732 1364 2783; x_wconf 76' lang='lat' dir='ltr'>ed.</span> 
     </span>
    </p>
   </div>
   <div class='ocr_carea' id='block_1_6' title="bbox 383 2969 1374 3752">
    <p class='ocr_par' dir='ltr' id='par_1_8' title="bbox 383 2969 1374 3518">
     <span class='ocr_line' id='line_1_17' title="bbox 383 2969 1367 3043; baseline 0 -12"><span class='ocrx_word' id='word_1_119' title='bbox 383 2970 487 3042; x_wconf 77' lang='lat' dir='ltr'>rivere,</span> <span class='ocrx_word' id='word_1_120' title='bbox 515 2971 584 3031; x_wconf 85' lang='lat' dir='ltr'>mori</span> <span class='ocrx_word' id='word_1_121' title='bbox 608 2969 756 3033; x_wconf 80' lang='lat' dir='ltr'>infelicem.</span> <span class='ocrx_word' id='word_1_122' title='bbox 797 2969 850 3029; x_wconf 85' lang='lat' dir='ltr'>Sed</span> <span class='ocrx_word' id='word_1_123' title='bbox 897 2975 950 3040; x_wconf 83' lang='lat' dir='ltr'>tuli</span> <span class='ocrx_word' id='word_1_124' title='bbox 961 2976 1071 3035; x_wconf 83' lang='lat' dir='ltr'>nomine</span> <span class='ocrx_word' id='word_1_125' title='bbox 1084 2971 1197 3043; x_wconf 88' lang='lat' dir='ltr'>Latino,</span> <span class='ocrx_word' id='word_1_126' title='bbox 1209 2989 1236 3031; x_wconf 85' lang='lat' dir='ltr'>et</span> <span class='ocrx_word' id='word_1_127' title='bbox 1244 2974 1367 3043; x_wconf 82' lang='lat' dir='ltr'>Turnus,</span> 
     </span>
     <span class='ocr_line' id='line_1_18' title="bbox 383 3049 1366 3133; baseline 0.001 -24"><span class='ocrx_word' id='word_1_128' title='bbox 383 3051 418 3109; x_wconf 87' lang='lat' dir='ltr'>de</span> <span class='ocrx_word' id='word_1_129' title='bbox 438 3049 527 3110; x_wconf 80' lang='lat' dir='ltr'>verbis</span> <span class='ocrx_word' id='word_1_130' title='bbox 538 3049 645 3127; x_wconf 81' lang='lat' dir='ltr'>ambigi</span> <span class='ocrx_word' id='word_1_131' title='bbox 667 3051 766 3128; x_wconf 80' lang='lat' dir='ltr'>potest:</span> <span class='ocrx_word' id='word_1_132' title='bbox 798 3067 851 3126; x_wconf 79' lang='lat' dir='ltr'>ego</span> <span class='ocrx_word' id='word_1_133' title='bbox 900 3052 984 3133; x_wconf 81' lang='lat' dir='ltr'>Regia</span> <span class='ocrx_word' id='word_1_134' title='bbox 1004 3054 1250 3120; x_wconf 79' lang='lat' dir='ltr'>numineornarus,</span> <span class='ocrx_word' id='word_1_135' title='bbox 1270 3052 1366 3110; x_wconf 86' lang='lat' dir='ltr'>Latini</span> 
     </span>
     <span class='ocr_line' id='line_1_19' title="bbox 383 3127 1368 3220; baseline 0.002 -33"><span class='ocrx_word' id='word_1_136' title='bbox 383 3138 466 3198; x_wconf 73' lang='lat' dir='ltr'>oanis,</span> <span class='ocrx_word' id='word_1_137' title='bbox 500 3143 586 3195; x_wconf 80' lang='lat' dir='ltr'>torua,</span> <span class='ocrx_word' id='word_1_138' title='bbox 618 3127 677 3184; x_wconf 88' lang='lat' dir='ltr'>sum</span> <span class='ocrx_word' id='word_1_139' title='bbox 706 3136 734 3187; x_wconf 77' lang='lat' dir='ltr'>in</span> <span class='ocrx_word' id='word_1_140' title='bbox 757 3128 852 3195; x_wconf 77' lang='lat' dir='ltr'>limine,</span> <span class='ocrx_word' id='word_1_141' title='bbox 898 3146 988 3189; x_wconf 86' lang='lat' dir='ltr'>tamen</span> <span class='ocrx_word' id='word_1_142' title='bbox 1000 3129 1167 3220; x_wconf 77' lang='lat' dir='ltr'>principatui</span> <span class='ocrx_word' id='word_1_143' title='bbox 1179 3145 1273 3206; x_wconf 86' lang='lat' dir='ltr'>paret:</span> <span class='ocrx_word' id='word_1_144' title='bbox 1296 3151 1368 3189; x_wconf 85' lang='lat' dir='ltr'>nunc</span> 
     </span>
     <span class='ocr_line' id='line_1_20' title="bbox 385 3204 1369 3283; baseline 0.003 -22"><span class='ocrx_word' id='word_1_145' title='bbox 385 3206 470 3274; x_wconf 84' lang='lat' dir='ltr'>aditu,</span> <span class='ocrx_word' id='word_1_146' title='bbox 478 3223 581 3282; x_wconf 59' lang='lat' dir='ltr'>partun</span> <span class='ocrx_word' id='word_1_147' title='bbox 602 3204 631 3262; x_wconf 91' lang='lat' dir='ltr'>in</span> <span class='ocrx_word' id='word_1_148' title='bbox 640 3221 718 3283; x_wconf 88' lang='lat' dir='ltr'>portu</span> <span class='ocrx_word' id='word_1_149' title='bbox 724 3208 780 3282; x_wconf 90' lang='lat' dir='ltr'>jam</span> <span class='ocrx_word' id='word_1_150' title='bbox 795 3224 852 3261; x_wconf 86' lang='lat' dir='ltr'>ran·</span> <span class='ocrx_word' id='word_1_151' title='bbox 900 3227 988 3265; x_wconf 87' lang='lat' dir='ltr'>autem</span> <span class='ocrx_word' id='word_1_152' title='bbox 1003 3229 1032 3266; x_wconf 91' lang='lat' dir='ltr'>m</span> <span class='ocrx_word' id='word_1_153' title='bbox 1047 3207 1139 3265; x_wconf 87' lang='lat' dir='ltr'>Latini</span> <span class='ocrx_word' id='word_1_154' title='bbox 1162 3209 1253 3265; x_wconf 90' lang='lat' dir='ltr'>locum</span> <span class='ocrx_word' id='word_1_155' title='bbox 1277 3207 1369 3265; x_wconf 88' lang='lat' dir='ltr'>succe-</span> 
     </span>
     <span class='ocr_line' id='line_1_21' title="bbox 386 3281 1371 3362; baseline 0.001 -21"><span class='ocrx_word' id='word_1_156' title='bbox 386 3296 442 3341; x_wconf 84' lang='lat' dir='ltr'>tum</span> <span class='ocrx_word' id='word_1_157' title='bbox 465 3304 521 3341; x_wconf 89' lang='lat' dir='ltr'>uon</span> <span class='ocrx_word' id='word_1_158' title='bbox 543 3282 655 3361; x_wconf 79' lang='lat' dir='ltr'>navigo.</span> <span class='ocrx_word' id='word_1_159' title='bbox 698 3283 757 3341; x_wconf 86' lang='lat' dir='ltr'>uid.</span> <span class='ocrx_word' id='word_1_160' title='bbox 783 3281 851 3340; x_wconf 92' lang='lat' dir='ltr'>Var.</span> <span class='ocrx_word' id='word_1_161' title='bbox 894 3286 963 3362; x_wconf 83' lang='lat' dir='ltr'>dir:</span> <span class='ocrx_word' id='word_1_162' title='bbox 998 3285 1228 3362; x_wconf 86' lang='lat' dir='ltr'>quemadmodum</span> <span class='ocrx_word' id='word_1_163' title='bbox 1247 3290 1318 3362; x_wconf 84' lang='lat' dir='ltr'>apud</span> <span class='ocrx_word' id='word_1_164' title='bbox 1333 3285 1371 3342; x_wconf 84' lang='lat' dir='ltr'>E-</span> 
     </span>
     <span class='ocr_line' id='line_1_22' title="bbox 386 3358 1371 3439; baseline 0.004 -21"><span class='ocrx_word' id='word_1_165' title='bbox 386 3359 460 3418; x_wconf 67' lang='lat' dir='ltr'>lesi.</span> <span class='ocrx_word' id='word_1_166' title='bbox 489 3367 577 3439; x_wconf 77' lang='lat' dir='ltr'>sum</span> <span class='ocrx_word' id='word_1_167' title='bbox 600 3380 651 3438; x_wconf 89' lang='lat' dir='ltr'>pro</span> <span class='ocrx_word' id='word_1_168' title='bbox 676 3358 734 3437; x_wconf 89' lang='lat' dir='ltr'>ipsa</span> <span class='ocrx_word' id='word_1_169' title='bbox 756 3376 853 3425; x_wconf 86' lang='lat' dir='ltr'>morte,</span> <span class='ocrx_word' id='word_1_170' title='bbox 902 3362 1003 3421; x_wconf 79' lang='lat' dir='ltr'>truscos</span> <span class='ocrx_word' id='word_1_171' title='bbox 1028 3363 1128 3421; x_wconf 76' lang='lat' dir='ltr'>fusium</span> <span class='ocrx_word' id='word_1_172' title='bbox 1155 3362 1287 3430; x_wconf 89' lang='lat' dir='ltr'>videmus,</span> <span class='ocrx_word' id='word_1_173' title='bbox 1323 3379 1371 3422; x_wconf 92' lang='lat' dir='ltr'>aut</span> 
     </span>
     <span class='ocr_line' id='line_1_23' title="bbox 385 3437 1374 3518; baseline 0.004 -23"><span class='ocrx_word' id='word_1_174' title='bbox 385 3437 455 3496; x_wconf 82' lang='lat' dir='ltr'>baud</span> <span class='ocrx_word' id='word_1_175' title='bbox 463 3438 567 3509; x_wconf 86' lang='lat' dir='ltr'>dubie;</span> <span class='ocrx_word' id='word_1_176' title='bbox 588 3458 644 3495; x_wconf 90' lang='lat' dir='ltr'>non</span> <span class='ocrx_word' id='word_1_177' title='bbox 657 3438 691 3494; x_wconf 88' lang='lat' dir='ltr'>de</span> <span class='ocrx_word' id='word_1_178' title='bbox 700 3437 832 3514; x_wconf 82' lang='lat' dir='ltr'>exequiis.</span> <span class='ocrx_word' id='word_1_179' title='bbox 902 3441 973 3499; x_wconf 87' lang='lat' dir='ltr'>inter</span> <span class='ocrx_word' id='word_1_180' title='bbox 986 3441 1120 3506; x_wconf 64' lang='lat' dir='ltr'>Achivos,</span> <span class='ocrx_word' id='word_1_181' title='bbox 1140 3457 1170 3498; x_wconf 89' lang='lat' dir='ltr'>ut</span> <span class='ocrx_word' id='word_1_182' title='bbox 1188 3439 1308 3518; x_wconf 89' lang='lat' dir='ltr'>plurium</span> <span class='ocrx_word' id='word_1_183' title='bbox 1332 3441 1374 3499; x_wconf 88' lang='lat' dir='ltr'>ci·</span> 
     </span>
    </p>

    <p class='ocr_par' dir='ltr' id='par_1_9' title="bbox 388 3515 1374 3752">
     <span class='ocr_line' id='line_1_24' title="bbox 423 3515 1372 3598; baseline -0.001 -22"><span class='ocrx_word' id='word_1_184' title='bbox 423 3535 489 3596; x_wconf 82' lang='lat'><strong>599·</strong></span> <span class='ocrx_word' id='word_1_185' title='bbox 515 3520 582 3576; x_wconf 88' lang='lat'>600.</span> <span class='ocrx_word' id='word_1_186' title='bbox 631 3515 716 3595; x_wconf 80' lang='lat' dir='ltr'>Qud</span> <span class='ocrx_word' id='word_1_187' title='bbox 741 3515 855 3572; x_wconf 80' lang='lat' dir='ltr'>Latinus</span> <span class='ocrx_word' id='word_1_188' title='bbox 903 3520 1018 3576; x_wconf 85' lang='lat' dir='ltr'>vitarum</span> <span class='ocrx_word' id='word_1_189' title='bbox 1034 3517 1301 3598; x_wconf 59' lang='lat' dir='ltr'>rcgesprincifatum</span> <span class='ocrx_word' id='word_1_190' title='bbox 1322 3518 1372 3576; x_wconf 85' lang='lat' dir='ltr'>uni</span> 
     </span>
     <span class='ocr_line' id='line_1_25' title="bbox 388 3592 1374 3679; baseline 0.002 -28"><span class='ocrx_word' id='word_1_191' title='bbox 388 3595 462 3679; x_wconf 72' lang='lat' dir='ltr'>regni</span> <span class='ocrx_word' id='word_1_192' title='bbox 490 3594 586 3650; x_wconf 88' lang='lat' dir='ltr'>munia</span> <span class='ocrx_word' id='word_1_193' title='bbox 642 3592 729 3650; x_wconf 85' lang='lat' dir='ltr'>torsus</span> <span class='ocrx_word' id='word_1_194' title='bbox 755 3592 856 3650; x_wconf 89' lang='lat' dir='ltr'>deserit</span> <span class='ocrx_word' id='word_1_195' title='bbox 904 3595 974 3654; x_wconf 88' lang='lat' dir='ltr'>inter</span> <span class='ocrx_word' id='word_1_196' title='bbox 995 3597 1021 3653; x_wconf 89' lang='lat' dir='ltr'>se</span> <span class='ocrx_word' id='word_1_197' title='bbox 1039 3597 1188 3654; x_wconf 76' lang='lat' dir='ltr'>deferrent.</span> <span class='ocrx_word' id='word_1_198' title='bbox 1227 3595 1269 3651; x_wconf 84' lang='lat' dir='ltr'>Ex</span> <span class='ocrx_word' id='word_1_199' title='bbox 1292 3595 1374 3652; x_wconf 70' lang='lat' dir='ltr'>ditiis</span> 
     </span>
     <span class='ocr_line' id='line_1_26' title="bbox 391 3614 1374 3752; baseline 0.002 -25"><span class='ocrx_word' id='word_1_200' title='bbox 391 3614 669 3742; x_wconf 75' lang='lat' dir='ltr'>[ct.Not.advli1.</span> <span class='ocrx_word' id='word_1_201' title='bbox 692 3675 730 3742; x_wconf 78' lang='lat' dir='ltr'>r),</span> <span class='ocrx_word' id='word_1_202' title='bbox 750 3669 856 3745; x_wconf 78' lang='lat' dir='ltr'>nequis</span> <span class='ocrx_word' id='word_1_203' title='bbox 905 3674 1080 3752; x_wconf 79' lang='lat' dir='ltr'>intelligitur,</span> <span class='ocrx_word' id='word_1_204' title='bbox 1117 3673 1257 3750; x_wconf 88' lang='lat' dir='ltr'>quomodo</span> <span class='ocrx_word' id='word_1_205' title='bbox 1291 3671 1374 3729; x_wconf 88' lang='lat' dir='ltr'>Maro</span> 
     </span>
    </p>
   </div>
   <div class='ocr_carea' id='block_1_7' title="bbox 391 3747 1375 3880">
    <p class='ocr_par' dir='ltr' id='par_1_10' title="bbox 391 3747 1375 3880">
     <span class='ocr_line' id='line_1_27' title="bbox 391 3747 1375 3880; baseline 0.002 -75"><span class='ocrx_word' id='word_1_206' title='bbox 391 3748 439 3805; x_wconf 84' lang='lat' dir='ltr'>boe</span> <span class='ocrx_word' id='word_1_207' title='bbox 453 3765 555 3806; x_wconf 82' lang='lat' dir='ltr'>temere</span> <span class='ocrx_word' id='word_1_208' title='bbox 576 3747 677 3804; x_wconf 67' lang='lat' dir='ltr'>sallum</span> <span class='ocrx_word' id='word_1_209' title='bbox 700 3749 856 3815; x_wconf 78' lang='lat' dir='ltr'>arbitretur,</span> <span class='ocrx_word' id='word_1_210' title='bbox 905 3750 972 3828; x_wconf 84' lang='lat' dir='ltr'>saepe</span> <span class='ocrx_word' id='word_1_211' title='bbox 986 3751 1133 3810; x_wconf 69' lang='lat' dir='ltr'>Rutulorum</span> <span class='ocrx_word' id='word_1_212' title='bbox 1149 3769 1306 3880; x_wconf 44' lang='lat' dir='ltr'>nomenlpro</span> <span class='ocrx_word' id='word_1_213' title='bbox 1319 3752 1375 3807; x_wconf 88' lang='lat' dir='ltr'>La·</span> 
     </span>
    </p>
   </div>
   <div class='ocr_carea' id='block_1_8' title="bbox 390 3825 1386 4743">
    <p class='ocr_par' dir='ltr' id='par_1_11' title="bbox 390 3825 1380 4433">
     <span class='ocr_line' id='line_1_28' title="bbox 390 3825 1375 3906; baseline -0.007 -15"><span class='ocrx_word' id='word_1_214' title='bbox 390 3827 535 3883; x_wconf 66' lang='lat' dir='ltr'>temudum</span> <span class='ocrx_word' id='word_1_215' title='bbox 548 3825 597 3891; x_wconf 73' lang='lat' dir='ltr'>est,</span> <span class='ocrx_word' id='word_1_216' title='bbox 611 3825 645 3880; x_wconf 65' lang='lat' dir='ltr'>id</span> <span class='ocrx_word' id='word_1_217' title='bbox 660 3825 857 3881; x_wconf 73' lang='lat' dir='ltr'>Tuminomen</span> <span class='ocrx_word' id='word_1_218' title='bbox 905 3838 963 3887; x_wconf 78' lang='lat' dir='ltr'>te&#39;nis</span> <span class='ocrx_word' id='word_1_219' title='bbox 989 3848 1099 3906; x_wconf 86' lang='lat' dir='ltr'>ponere,</span> <span class='ocrx_word' id='word_1_220' title='bbox 1130 3829 1196 3884; x_wconf 78' lang='lat' dir='ltr'>alius</span> <span class='ocrx_word' id='word_1_221' title='bbox 1213 3825 1375 3892; x_wconf 87' lang='lat' dir='ltr'>dicernere,</span> 
     </span>
     <span class='ocr_line' id='line_1_29' title="bbox 392 3902 1377 3985; baseline 0.001 -25"><span class='ocrx_word' id='word_1_222' title='bbox 392 3902 593 3969; x_wconf 80' lang='lat' dir='ltr'>illustrandum,</span> <span class='ocrx_word' id='word_1_223' title='bbox 622 3902 660 3958; x_wconf 90' lang='lat' dir='ltr'>ita</span> <span class='ocrx_word' id='word_1_224' title='bbox 679 3920 718 3958; x_wconf 84' lang='lat' dir='ltr'>res</span> <span class='ocrx_word' id='word_1_225' title='bbox 731 3918 859 3980; x_wconf 77' lang='lat' dir='ltr'>attempe-</span> <span class='ocrx_word' id='word_1_226' title='bbox 907 3907 1043 3985; x_wconf 82' lang='lat' dir='ltr'>potuerit:</span> <span class='ocrx_word' id='word_1_227' title='bbox 1065 3904 1170 3962; x_wconf 62' lang='lat' dir='ltr'>{illicet</span> <span class='ocrx_word' id='word_1_228' title='bbox 1181 3922 1209 3961; x_wconf 88' lang='lat' dir='ltr'>ut</span> <span class='ocrx_word' id='word_1_229' title='bbox 1225 3903 1377 3971; x_wconf 78' lang='lat' dir='ltr'>Hernicos,</span> 
     </span>
     <span class='ocr_line' id='line_1_30' title="bbox 393 3977 1377 4061; baseline 0.001 -24"><span class='ocrx_word' id='word_1_230' title='bbox 393 3981 533 4046; x_wconf 80' lang='lat' dir='ltr'>ratasesle,</span> <span class='ocrx_word' id='word_1_231' title='bbox 553 3997 583 4036; x_wconf 92' lang='lat' dir='ltr'>ut</span> <span class='ocrx_word' id='word_1_232' title='bbox 597 3977 620 4036; x_wconf 83' lang='lat' dir='ltr'>it</span> <span class='ocrx_word' id='word_1_233' title='bbox 630 3978 761 4036; x_wconf 84' lang='lat' dir='ltr'>summam</span> <span class='ocrx_word' id='word_1_234' title='bbox 775 3979 859 4057; x_wconf 87' lang='lat' dir='ltr'>impe·</span> <span class='ocrx_word' id='word_1_235' title='bbox 909 3983 1023 4061; x_wconf 85' lang='lat' dir='ltr'>AEquus.</span> <span class='ocrx_word' id='word_1_236' title='bbox 1043 3983 1168 4040; x_wconf 71' lang='lat' dir='ltr'>Volt&#39;ou.</span> <span class='ocrx_word' id='word_1_237' title='bbox 1209 3982 1377 4058; x_wconf 85' lang='lat' dir='ltr'>Hincappa·</span> 
     </span>
     <span class='ocr_line' id='line_1_31' title="bbox 394 4055 1378 4136; baseline -0.001 -21"><span class='ocrx_word' id='word_1_238' title='bbox 394 4057 426 4115; x_wconf 88' lang='lat' dir='ltr'>tii</span> <span class='ocrx_word' id='word_1_239' title='bbox 455 4074 547 4115; x_wconf 83' lang='lat' dir='ltr'>tenere</span> <span class='ocrx_word' id='word_1_240' title='bbox 577 4055 711 4113; x_wconf 84' lang='lat' dir='ltr'>videatur.</span> <span class='ocrx_word' id='word_1_241' title='bbox 770 4055 861 4112; x_wconf 83' lang='lat' dir='ltr'>Facile</span> <span class='ocrx_word' id='word_1_242' title='bbox 910 4079 950 4119; x_wconf 85' lang='lat' dir='ltr'>rer</span> <span class='ocrx_word' id='word_1_243' title='bbox 971 4082 1089 4136; x_wconf 58' lang='lat' dir='ltr'>quique,</span> <span class='ocrx_word' id='word_1_244' title='bbox 1109 4080 1158 4117; x_wconf 85' lang='lat' dir='ltr'>cur</span> <span class='ocrx_word' id='word_1_245' title='bbox 1172 4059 1261 4115; x_wconf 87' lang='lat' dir='ltr'>Turni</span> <span class='ocrx_word' id='word_1_246' title='bbox 1284 4057 1378 4114; x_wconf 85' lang='lat' dir='ltr'>matri-</span> 
     </span>
     <span class='ocr_line' id='line_1_32' title="bbox 393 4133 1378 4212; baseline -0.001 -21"><span class='ocrx_word' id='word_1_247' title='bbox 393 4135 463 4193; x_wconf 83' lang='lat' dir='ltr'>tnim</span> <span class='ocrx_word' id='word_1_248' title='bbox 481 4133 659 4212; x_wconf 78' lang='lat' dir='ltr'>intelligitur,</span> <span class='ocrx_word' id='word_1_249' title='bbox 692 4153 753 4192; x_wconf 87' lang='lat' dir='ltr'>cum</span> <span class='ocrx_word' id='word_1_250' title='bbox 779 4133 861 4192; x_wconf 82' lang='lat' dir='ltr'>semel</span> <span class='ocrx_word' id='word_1_251' title='bbox 911 4140 1034 4195; x_wconf 87' lang='lat' dir='ltr'>monium</span> <span class='ocrx_word' id='word_1_252' title='bbox 1048 4137 1277 4195; x_wconf 67' lang='lat' dir='ltr'>cannamislariais</span> <span class='ocrx_word' id='word_1_253' title='bbox 1291 4135 1378 4211; x_wconf 73' lang='lat' dir='ltr'>desig-</span> 
     </span>
     <span class='ocr_line' id='line_1_33' title="bbox 394 4211 1380 4292; baseline -0.002 -24"><span class='ocrx_word' id='word_1_254' title='bbox 394 4211 501 4270; x_wconf 73' lang='lat' dir='ltr'>&#39;l&#39;utnus</span> <span class='ocrx_word' id='word_1_255' title='bbox 514 4214 550 4269; x_wconf 89' lang='lat' dir='ltr'>ad</span> <span class='ocrx_word' id='word_1_256' title='bbox 563 4213 657 4269; x_wconf 82' lang='lat' dir='ltr'>AEneae</span> <span class='ocrx_word' id='word_1_257' title='bbox 676 4212 804 4269; x_wconf 83' lang='lat' dir='ltr'>virtutem</span> <span class='ocrx_word' id='word_1_258' title='bbox 828 4212 863 4269; x_wconf 91' lang='lat' dir='ltr'>il·</span> <span class='ocrx_word' id='word_1_259' title='bbox 911 4235 974 4271; x_wconf 87' lang='lat' dir='ltr'>nare</span> <span class='ocrx_word' id='word_1_260' title='bbox 990 4218 1108 4292; x_wconf 65' lang='lat' dir='ltr'>pouetit</span> <span class='ocrx_word' id='word_1_261' title='bbox 1127 4213 1184 4289; x_wconf 64' lang='lat' dir='ltr'>suu.</span> <span class='ocrx_word' id='word_1_262' title='bbox 1200 4213 1268 4280; x_wconf 84' lang='lat' dir='ltr'>Vil,</span> <span class='ocrx_word' id='word_1_263' title='bbox 1288 4215 1327 4287; x_wconf 83' lang='lat'>96</span> <span class='ocrx_word' id='word_1_264' title='bbox 1351 4225 1380 4267; x_wconf 85' lang='lat' dir='ltr'>et</span> 
     </span>
     <span class='ocr_line' id='line_1_34' title="bbox 395 4287 1379 4367; baseline 0.002 -23"><span class='ocrx_word' id='word_1_265' title='bbox 395 4289 553 4346; x_wconf 78' lang='lat' dir='ltr'>lustrandam</span> <span class='ocrx_word' id='word_1_266' title='bbox 567 4287 713 4364; x_wconf 79' lang='lat' dir='ltr'>insigniore</span> <span class='ocrx_word' id='word_1_267' title='bbox 725 4289 805 4345; x_wconf 84' lang='lat' dir='ltr'>laude</span> <span class='ocrx_word' id='word_1_268' title='bbox 819 4309 863 4346; x_wconf 92' lang='lat' dir='ltr'>ce·</span> <span class='ocrx_word' id='word_1_269' title='bbox 912 4292 984 4349; x_wconf 76' lang='lat' dir='ltr'>idern</span> <span class='ocrx_word' id='word_1_270' title='bbox 993 4295 1107 4349; x_wconf 75' lang='lat' dir='ltr'>Latmus</span> <span class='ocrx_word' id='word_1_271' title='bbox 1115 4293 1217 4350; x_wconf 56' lang='lat' dir='ltr'>(sarnus</span> <span class='ocrx_word' id='word_1_272' title='bbox 1232 4288 1379 4367; x_wconf 77' lang='lat' dir='ltr'>vi1‚650.</span> 
     </span>
     <span class='ocr_line' id='line_1_35' title="bbox 396 4365 1186 4433; baseline 0.001 -9"><span class='ocrx_word' id='word_1_273' title='bbox 396 4367 537 4424; x_wconf 84' lang='lat' dir='ltr'>lebranduu</span> <span class='ocrx_word' id='word_1_274' title='bbox 558 4367 634 4433; x_wconf 79' lang='lat' dir='ltr'>etlct,</span> <span class='ocrx_word' id='word_1_275' title='bbox 653 4365 712 4423; x_wconf 85' lang='lat' dir='ltr'>lieri</span> <span class='ocrx_word' id='word_1_276' title='bbox 734 4367 785 4424; x_wconf 87' lang='lat' dir='ltr'>hoc</span> <span class='ocrx_word' id='word_1_277' title='bbox 809 4387 865 4424; x_wconf 91' lang='lat' dir='ltr'>non</span> <span class='ocrx_word' id='word_1_278' title='bbox 912 4370 952 4428; x_wconf 88' lang='lat' dir='ltr'>cs.</span> <span class='ocrx_word' id='word_1_279' title='bbox 967 4370 1035 4427; x_wconf 86' lang='lat' dir='ltr'>Exc.</span> <span class='ocrx_word' id='word_1_280' title='bbox 1050 4369 1186 4426; x_wconf 81' lang='lat' dir='ltr'>Vllextr.</span> 
     </span>
    </p>

    <p class='ocr_par' dir='ltr' id='par_1_12' title="bbox 398 4441 1386 4743">
     <span class='ocr_line' id='line_1_36' title="bbox 398 4441 1384 4532; baseline -0.001 -30"><span class='ocrx_word' id='word_1_281' title='bbox 398 4452 463 4504; x_wconf 82' lang='lat' dir='ltr'>rotie</span> <span class='ocrx_word' id='word_1_282' title='bbox 475 4443 601 4522; x_wconf 85' lang='lat' dir='ltr'>potuisle,</span> <span class='ocrx_word' id='word_1_283' title='bbox 620 4443 639 4500; x_wconf 83' lang='lat' dir='ltr'>fi</span> <span class='ocrx_word' id='word_1_284' title='bbox 662 4442 790 4501; x_wconf 83' lang='lat' dir='ltr'>secundas</span> <span class='ocrx_word' id='word_1_285' title='bbox 803 4464 864 4532; x_wconf 76' lang='lat' dir='ltr'>par·</span> <span class='ocrx_word' id='word_1_286' title='bbox 954 4448 1118 4508; x_wconf 88' lang='lat'>601-622.</span> <span class='ocrx_word' id='word_1_287' title='bbox 1133 4447 1156 4501; x_wconf 75' lang='lat' dir='ltr'>i.</span> <span class='ocrx_word' id='word_1_288' title='bbox 1179 4441 1384 4522; x_wconf 85' lang='lat' dir='ltr'>regiumetepi·</span> 
     </span>
     <span class='ocr_line' id='line_1_37' title="bbox 400 4466 1384 4602; baseline 0.002 -24"><span class='ocrx_word' id='word_1_289' title='bbox 400 4536 437 4578; x_wconf 78' lang='lat' dir='ltr'>tes</span> <span class='ocrx_word' id='word_1_290' title='bbox 448 4538 537 4599; x_wconf 79' lang='lat' dir='ltr'>ageret</span> <span class='ocrx_word' id='word_1_291' title='bbox 550 4537 578 4578; x_wconf 88' lang='lat' dir='ltr'>et</span> <span class='ocrx_word' id='word_1_292' title='bbox 604 4520 713 4578; x_wconf 77' lang='lat' dir='ltr'>alterius</span> <span class='ocrx_word' id='word_1_293' title='bbox 737 4522 865 4600; x_wconf 82' lang='lat' dir='ltr'>auspiciis</span> <span class='ocrx_word' id='word_1_294' title='bbox 913 4544 953 4582; x_wconf 83' lang='lat' dir='ltr'>cae</span> <span class='ocrx_word' id='word_1_295' title='bbox 962 4523 1090 4602; x_wconf 83' lang='lat' dir='ltr'>majestati</span> <span class='ocrx_word' id='word_1_296' title='bbox 1098 4466 1304 4580; x_wconf 70' lang='lat' dir='ltr'>conlintanuurn</span> <span class='ocrx_word' id='word_1_297' title='bbox 1316 4527 1384 4599; x_wconf 86' lang='lat' dir='ltr'>po&#39;e&#39;·</span> 
     </span>
     <span class='ocr_line' id='line_1_38' title="bbox 402 4597 1384 4677; baseline 0.001 -22"><span class='ocrx_word' id='word_1_298' title='bbox 402 4617 439 4655; x_wconf 77' lang='lat' dir='ltr'>rer</span> <span class='ocrx_word' id='word_1_299' title='bbox 459 4615 571 4677; x_wconf 80' lang='lat' dir='ltr'>gereret.</span> <span class='ocrx_word' id='word_1_300' title='bbox 622 4597 764 4655; x_wconf 83' lang='lat' dir='ltr'>Fodetns</span> <span class='ocrx_word' id='word_1_301' title='bbox 792 4602 865 4659; x_wconf 75' lang='lat' dir='ltr'>siant</span> <span class='ocrx_word' id='word_1_302' title='bbox 913 4618 949 4659; x_wconf 81' lang='lat' dir='ltr'>tae</span> <span class='ocrx_word' id='word_1_303' title='bbox 973 4617 1168 4665; x_wconf 81' lang='lat' dir='ltr'>commentum,</span> <span class='ocrx_word' id='word_1_304' title='bbox 1188 4608 1253 4656; x_wconf 85' lang='lat' dir='ltr'>dum</span> <span class='ocrx_word' id='word_1_305' title='bbox 1283 4597 1384 4656; x_wconf 76' lang='lat' dir='ltr'>beilum</span> 
     </span>
     <span class='ocr_line' id='line_1_39' title="bbox 401 4673 1386 4743; baseline -0.001 -10"><span class='ocrx_word' id='word_1_306' title='bbox 401 4677 462 4743; x_wconf 83' lang='lat' dir='ltr'>alia,</span> <span class='ocrx_word' id='word_1_307' title='bbox 500 4698 541 4734; x_wconf 83' lang='lat' dir='ltr'>uae</span> <span class='ocrx_word' id='word_1_308' title='bbox 564 4696 580 4732; x_wconf 89' lang='lat' dir='ltr'>a</span> <span class='ocrx_word' id='word_1_309' title='bbox 602 4673 720 4732; x_wconf 87' lang='lat' dir='ltr'>Marone</span> <span class='ocrx_word' id='word_1_310' title='bbox 757 4679 866 4735; x_wconf 85' lang='lat' dir='ltr'>ollerter</span> <span class='ocrx_word' id='word_1_311' title='bbox 916 4695 1020 4737; x_wconf 87' lang='lat' dir='ltr'>motum</span> <span class='ocrx_word' id='word_1_312' title='bbox 1042 4693 1069 4734; x_wconf 89' lang='lat' dir='ltr'>et</span> <span class='ocrx_word' id='word_1_313' title='bbox 1095 4677 1200 4733; x_wconf 87' lang='lat' dir='ltr'>illatum</span> <span class='ocrx_word' id='word_1_314' title='bbox 1231 4693 1386 4733; x_wconf 80' lang='lat' dir='ltr'>narraturus</span> 
     </span>
    </p>
   </div>
   <div class='ocr_carea' id='block_1_9' title="bbox 402 4752 1453 4911">
    <p class='ocr_par' dir='ltr' id='par_1_13' title="bbox 402 4752 1453 4911">
     <span class='ocr_line' id='line_1_40' title="bbox 402 4752 1387 4908; baseline 0 -97"><span class='ocrx_word' id='word_1_315' title='bbox 402 4772 462 4835; x_wconf 72' lang='lat' dir='ltr'>prou</span> <span class='ocrx_word' id='word_1_316' title='bbox 515 4755 587 4813; x_wconf 88' lang='lat' dir='ltr'>suut.</span> <span class='ocrx_word' id='word_1_317' title='bbox 607 4752 795 4814; x_wconf 84' lang='lat' dir='ltr'>Continentur</span> <span class='ocrx_word' id='word_1_318' title='bbox 808 4753 867 4813; x_wconf 88' lang='lat' dir='ltr'>Ru·</span> <span class='ocrx_word' id='word_1_319' title='bbox 916 4773 985 4823; x_wconf 83' lang='lat' dir='ltr'>erat,</span> <span class='ocrx_word' id='word_1_320' title='bbox 1003 4754 1122 4836; x_wconf 84' lang='lat' dir='ltr'>primum</span> <span class='ocrx_word' id='word_1_321' title='bbox 1145 4773 1248 4812; x_wconf 86' lang='lat' dir='ltr'>morem</span> <span class='ocrx_word' id='word_1_322' title='bbox 1267 4752 1387 4908; x_wconf 70' lang='lat' dir='ltr'>patrium</span> 
     </span>
     <span class='ocr_line' id='line_1_41' title="bbox 707 4850 1453 4911; baseline 0.008 -26"><span class='ocrx_word' id='word_1_323' title='bbox 707 4852 729 4907; x_wconf 81' lang='lat'>4</span> <span class='ocrx_word' id='word_1_324' title='bbox 1342 4850 1389 4891; x_wconf 86' lang='lat' dir='ltr'>aut</span> <span class='ocrx_word' id='word_1_325' title='bbox 1449 4894 1453 4911; x_wconf 45' lang='grc' dir='ltr'>Ι</span> 
     </span>
    </p>
   </div>
   <div class='ocr_carea' id='block_1_10' title="bbox 0 0 1798 6234">
    <p class='ocr_par' dir='ltr' id='par_1_14' title="bbox 0 0 1798 6234">
     <span class='ocr_line' id='line_1_42' title="bbox 0 0 1798 6234; baseline 0 0"><span class='ocrx_word' id='word_1_326' title='bbox 0 0 1798 6234; x_wconf 95' lang='lat' dir='ltr'> </span> 
     </span>
    </p>
   </div>
  </div>
 </body>
</html>
