3475 6234
755 1440 892 1506 140
1267 1410 2016 1488 EXCURSUS
2092 1412 2197 1486 lv

745 1598 894 1673 apud
924 1600 1164 1664 Festum,
1191 1598 1247 1657 in
1279 1599 1525 1674 Afinio,
1576 1615 1644 1654 ea
1669 1616 1801 1674 pars
1823 1598 2025 1665 Italiae,
2071 1598 2132 1658 in
2157 1616 2269 1677 qua
2311 1598 2432 1659 sunt
2454 1597 2621 1657 cases
2646 1606 2709 1652 et

747 1687 1164 1755 Beneventum,
1201 1686 1381 1765 prima
1401 1685 1683 1745 Ausonum
1704 1685 1857 1745 sedes
1882 1687 2036 1747 fuisse
2052 1688 2313 1749 traditur.
2390 1687 2481 1749 Ad
2518 1685 2705 1751 Lirim

748 1778 876 1837 urbs
901 1781 1123 1840 Ausona
1146 1779 1325 1837 adhuc
1344 1777 1439 1836 sub
1476 1777 1750 1837 Romanis
1777 1777 1909 1846 fuit,
1948 1800 2077 1845 nam
2106 1780 2186 1839 U.
2217 1782 2289 1840 C.
2330 1800 2448 1858 440
2484 1798 2551 1841 ea
2574 1796 2707 1843 cum

748 1871 1058 1929 Minturnis
1088 1886 1142 1928 et
1170 1867 1372 1927 Vescia
1390 1866 1503 1926 ab
1481 1866 1557 1933 ,tis
1584 1884 1775 1944 capta,
1812 1868 2071 1955 deletaque
2089 1871 2344 1947 Aqfonum
2357 1891 2531 1950 gens.-
2570 1867 2706 1927 Liv.

747 1960 858 2026 IX,
901 1982 996 2038 25.
1078 1961 1170 2017 Ex
1218 1957 1417 2018 eodem
1460 1978 1669 2036 genere
1719 1958 1971 2018 homines
2015 1958 2172 2019 fuiffe
2218 1961 2432 2019 necesse
2473 1960 2572 2025 est,
2608 1954 2709 2035 qui

746 2052 872 2108 loca
909 2049 1054 2107 intra
1092 2048 1441 2107 Lametinum
1467 2064 1527 2106 et
1567 2047 1884 2126 Scylaeium
1910 2048 2082 2109 finum
2109 2065 2360 2117 tenuere,
2404 2064 2711 2129 antequam

750 2139 967 2216 Pelasgi
1022 2139 1271 2197 OEnotrii
1301 2158 1369 2197 ea
1414 2154 1777 2216 occuparunt.
1856 2140 1993 2199 Pars
2033 2159 2228 2199 eorum
2256 2140 2367 2199 alia
2409 2140 2711 2218 Opicon-un,

745 2228 837 2286 vel
879 2230 1131 2304 Oscorum,
1160 2248 1230 2286 ex
1255 2228 1480 2304 Opscis,
1507 2247 1723 2286 nomon
1771 2228 1992 2294 habuit,
2031 2249 2269 2309 quorum
2317 2228 2584 2305 superstes
2635 2223 2713 2285 nd

742 2318 948 2378 seriora
998 2335 1249 2395 tempora
1306 2317 1414 2377 fuit
1449 2338 1706 2378 numerus
1754 2339 1857 2398 per
1907 2318 2031 2380 loca
2076 2318 2397 2396 Campaniae
2447 2316 2715 2397 proxima

746 2408 969 2475 mellis,
996 2407 1139 2464 unde
1158 2424 1212 2464 et
1246 2405 1436 2488 lingue
1462 2409 1610 2481 Oscae
1636 2426 1837 2467 nomen
1864 2408 2081 2477 mansit,
2108 2428 2277 2487 quam
2305 2406 2715 2486 Aboriginibus

743 2513 808 2555 et
847 2498 1158 2556 Ausonibus
1186 2517 1537 2556 communem
1563 2496 1716 2557 fuiss'e
1744 2497 1992 2576 adeoque
2035 2497 2251 2558 Latinae
2287 2511 2470 2561 ortum
2503 2495 2715 2556 dedisse

747 2587 956 2644 necesse
1003 2586 1101 2642 cst.
1184 2587 1315 2643 Pars
1347 2585 1628 2644 Ausonum
1653 2585 1713 2645 in
1742 2585 1953 2645 Sabinos
1979 2587 2145 2653 abiit,
2184 2606 2313 2665 pars
2338 2586 2399 2647 in
2423 2587 2714 2651 Auruncos,

747 2677 900 2734 cultu
926 2675 1016 2733 illa
1048 2674 1326 2734 horridior
1355 2697 1373 2742 3
1416 2675 1561 2751 facia
1585 2675 1797 2735 scilicet
1822 2695 2030 2754 magna
2058 2675 2183 2735 vitae
2209 2691 2266 2734 et
2291 2695 2506 2739 morum
2533 2688 2715 2732 muta·

749 2766 924 2830 tione,
952 2764 1045 2823 alii
1071 2780 1316 2823 veterem
1359 2763 1715 2841 asperitatem
1746 2764 2063 2833 retinuere,
2046 2787 2061 2801 ·
2105 2765 2226 2825 aliis
2255 2766 2583 2825 Graecamm
2613 2782 2711 2822 co«-

745 2855 1021 2913 loniarum
1051 2868 1195 2910 artes
1222 2867 1280 2911 et
1309 2853 1549 2910 instituta
1569 2852 2011 2912 adsciscentibus.
2091 2852 2458 2918 Consentiunt
2478 2873 2607 2912 cum
2629 2852 2712 2917 his

748 2943 1122 3007 locaAristot.
1150 2941 1387 3020 deRep.
1416 2943 1556 3009 VII,
1597 2962 1666 3001 10
1705 2944 1773 3020 {aa
1744 2969 1827 3001 κεν
1868 2945 1917 3002 οὲ
1964 2947 2022 3001 τὸ
2059 2950 2146 3014 μὲν
2191 2946 2308 3021 πρὸς
2350 2948 2435 3005 ‘niv
2415 2946 2712 3019 νυΤρρηνίνα

749 3033 908 3091 Ὀτικ
910 3032 1373 3106 οἷῖότεο,κοι·πξςν
1439 3033 2714 3104 ανυνκαὶμενοτηεπωμαΛυσυ,εῐ

752 3123 989 3197 Dionys.
1021 3124 1073 3186 1,
1105 3140 1176 3197 72
1227 3140 1296 3177 ex
1324 3121 1639 3188 Aristotele,
1682 3124 1837 3180 ἰκοπ
1838 3126 1889 3187 3„
1930 3127 1982 3179 in
2009 3147 2109 3202 qua
2137 3125 2295 3181 Latiu
2264 3149 2363 3182 u.m
2444 3126 2518 3183 Et
2545 3125 2712 3190 Thu·

752 3211 885 3286 cyd.
919 3213 965 3268 V
972 3211 1025 3275 I,
1076 3228 1125 3274 1,
1165 3229 1291 3267 cum
1320 3209 1556 3286 Dionys.
1582 3209 1636 3277 I,
1678 3229 1777 3277 22,
1832 3211 2044 3278 Siculos,
2080 3215 2196 3270 dum
2228 3214 2410 3290 Opicos
2440 3220 2717 3290 fugerent,

755 3309 809 3369 ιἰι
865 3300 1099 3357 Siciliam
1152 3302 1438 3375 trajecg'ffi'·;
1510 3299 1605 3363 etsi
1658 3300 2023 3378 Thucydides
2076 3302 2286 3361 Siculos
2344 3302 2401 3361 in
2453 3303 2719 3369 inferiore
