3475 6234
478 878 787 977 AENEtuos,
824 873 940 961 ΜΒ.
974 871 1061 961 vu.

1213 910 1280 991 113

340 1074 419 1161 lbet
435 1102 471 1159 et
487 1082 685 1182 Hippolyti
698 1080 816 1179 proles
827 1078 1071 1178 pulcherrima
1082 1068 1179 1154 bello

291 1214 452 1298 Virbius:
478 1221 655 1321 insignem
669 1245 779 1316 quem
802 1236 916 1291 mater
930 1216 1055 1290 Aricia
1071 1218 1180 1306 misit,

289 1358 470 1435 Eduuum
484 1358 628 1455 Egeriae
645 1355 747 1445 lucis,
771 1355 957 1428 humentia
971 1342 1114 1430 circum
1203 1355 1272 1453 763

322 1540 381 1606 761.
396 1542 486 1593 rudius
504 1541 620 1593 «Δηώ
637 1542 722 1600 Rom..
736 1556 766 1590 ex
776 1554 845 1589 more
866 1552 977 1591 veterum
992 1539 1173 1607 pronuntiandi.
1205 1539 1279 1589 Aeria

290 1619 367 1669 Goth.
378 1636 419 1685 pr.
450 1621 529 1670 Areu
541 1617 774 1680 Patrius-763.
793 1621 904 1685 ily-tertia
915 1618 945 1667 ab
957 1618 1065 1679 Heinsio,
1081 1618 1215 1683 quitatum
1227 1615 1277 1681 ipse

290 1695 422 1761 improbat,
432 1709 457 1745 et
468 1695 499 1744 ab
510 1700 649 1744 Burmanno
661 1694 773 1743 relidlum
782 1695 873 1745 miror:
891 1710 948 1745 nam
960 1695 1125 1761 Cuningham.
1138 1692 1190 1759 post
1202 1694 1276 1741 Ruae-

291 1784 340 1829 nm,
354 1773 492 1831 Catroeum,
506 1771 643 1838 Trnppium
660 1774 768 1821 bucula
778 1772 843 1820 reete
861 1773 970 1821 retranit.
1005 1771 1107 1821 Monuit
1126 1783 1222 1834 quoque
1233 1770 1276 1833 Joc

292 1847 412 1898 Schrader.
424 1848 563 1897 Emendate.
574 1864 599 1913 p.
611 1846 635 1897 8.
671 1847 717 1895 Sed
726 1839 827 1895 retinuit
839 1847 903 1896 sorte
915 1849 980 1898 viros
991 1848 1075 1897 dodae
1085 1844 1212 1902 dubitatio,
1230 1858 1276 1892 un.

292 1924 320 1973 de
331 1927 488 1976 tamerudita
499 1925 572 1974 leffio
590 1926 614 1974 in
633 1931 734 1990 poetam
752 1926 854 1976 venerit.
889 1928 1008 1978 Fraudem
1026 1938 1108 1975 taurea
1124 1923 1236 1988 detegere
1248 1920 1276 1969 in

291 2001 439 2065 ymmtuest.
471 2001 538 2051 Vera
560 2000 632 2049 leetio
643 2003 801 2061 esthumenuy,
817 2019 890 2066 quam
910 2002 1093 2069 praestantissimi
1112 2001 1181 2050 codd.
1199 2001 1276 2049 Rom

292 2088 315 2125 et
324 2078 416 2129 Medic.
428 2078 534 2136 imme,
549 2092 661 2127 unacum
674 2077 783 2128 Parthas.
794 2078 878 2128 Franc.
886 2082 957 2131 eted.
967 2083 1030 2129 Ven.
1040 2095 1079 2146 ap.
1088 2079 1181 2136 Burni..
1195 2074 1274 2139 neque

291 2155 442 2205 utendarum
454 2171 499 2222 per
510 2156 662 2220 Naugerium
671 2157 709 2206 ed.
724 2167 781 2204 tert.
791 2155 848 2205 Ald.
864 2173 937 2220 151³·
972 2159 1094 2224 Scriptum
1114 2157 1161 2205 hoc
1179 2152 1225 2201 suit
1246 2151 1273 2200 in

289 2231 448 2292 utamur,
463 2221 550 2291 «aba,
566 2235 670 2292 aaut«,
686 2233 712 2282 tn
729 2234 888 2299 cutum,
905 2237 971 2300 quoa
983 2236 1024 2284 atu
1043 2251 1081 2302 ap.
1093 2232 1175 2282 uetus.
1189 2232 1277 2295 ‹tepra-

291 2326 374 2361 nmnt
384 2315 410 2362 in
422 2316 521 2370 bineria,
538 2314 718 2372 himiastmtu,
727 2318 827 2379 ymettia,
842 2317 941 2374 benetia,
956 2317 1057 2380 hymetia,
1072 2311 1135 2361 unde
1147 2318 1274 2377 perperam

291 2390 429 2438 eruditiores
440 2391 552 2454 Hymetio
564 2386 682 2444 lecerunt,
699 2390 764 2453 quod
772 2388 941 2438 alienillimum
948 2390 978 2439 ab
988 2391 1013 2439 h.
1026 2389 1042 2438 l.
1053 2388 1095 2437 ell.
1131 2386 1203 2454 Qod
1216 2400 1275 2434 vero

232 2464 234 2473 '
292 2467 365 2517 multo
376 2468 450 2517 etiam
462 2467 540 2530 ntagie
549 2464 627 2513 sraudi
639 2464 706 2514 suiffe
716 2466 822 2523 videtur,
838 2465 885 2515 suit
901 2467 1032 2532 adscriptus
1048 2467 1116 2516 locut
1133 2464 1195 2513 alter
1216 2462 1274 2511 huic

290 2542 420 2595 imminu
437 2544 481 2595 lib.
502 2544 550 2601 lX,
570 2542 620 2603 584
642 2545 760 2609 Syuaetln'a
776 2547 854 2592 circen
865 2544 966 2594 Flumina
985 2538 1045 2603 etc,
1067 2543 1132 2592 unde
1150 2541 1176 2590 in
1200 2538 1272 2588 Leid.

291 2620 380 2671 transsit
391 2624 496 2687 Syutia,
510 2619 538 2668 in
548 2619 617 2667 Goth
628 2619 675 2668 sec,
688 2623 792 2678 Sinnetia,
807 2620 833 2668 in
844 2618 904 2669 elios
914 2623 1015 2685 Gymnia.
1047 2621 1128 2670 Nemo
1135 2619 1216 2683 itaque
1227 2617 1275 2665 du·

291 2698 361 2760 bitet,
372 2702 478 2749 §mrsu
489 2714 575 2748 veram
585 2696 632 2747 elle
644 2698 790 2748 lcffionem:
821 2711 848 2748 ut
866 2699 932 2749 rede
943 2700 1054 2751 censuere
1065 2697 1147 2750 Guell.
1159 2713 1216 2747 curn
1226 2696 1273 2746 oia

292 2774 369 2836 lanio,
385 2774 566 2825 Cetdtetaliie.
1180 2791 1185 2800 ·

292 2938 361 2991 dm
377 2927 445 2988 hm
464 2928 534 2987 inter
547 2929 756 3007 Apenninoturn
804 2930 891 2988 multo
903 2943 994 2988 tamen
1007 2926 1095 3006 magis
1103 2925 1196 2985 malim
1205 2927 1272 3005 jun·

293 3006 520 3141 mdumfflffl
540 3008 576 3064 ad
593 3025 674 3086 quem
686 3005 757 3065 lacus
802 3026 865 3084 gete
876 3006 960 3105 tertio
972 3009 1035 3065 loco
1057 3004 1273 3141 gelloinygnem:

468 3100 488 3141 ¹·
802 3088 993 3240 'ht-,tlte
1013 3104 1056 3218 51¹¹
1065 3102 1144 3228 sit,
1173 3098 1273 3239 3233

803 3241 932 3298 educatus
942 3238 998 3297 fuit
1012 3238 1138 3306 Virbius,
1157 3238 1193 3294 ad
1204 3240 1272 3296 Ari-

802 3315 873 3373 ciam
887 3317 939 3386 est;
968 3316 1037 3373 alius
1050 3319 1134 3393 vulgo
1147 3331 1272 3381 narratur

800 3413 885 3470 prope
907 3394 1025 3450 Romam
1048 3395 1082 3451 ad
1096 3408 1201 3472 portam
1215 3396 1271 3451 Ca-

801 3488 914 3545 penam:
937 3470 1066 3528 Fabulam
1076 3471 1182 3548 utrique
1193 3490 1270 3529 com-

801 3567 910 3605 munem
920 3549 1186 3607 ellechutnaecum
1199 3547 1271 3625 Ege-

802 3625 843 3680 ria
860 3627 1011 3703 congressu,
1032 3626 1144 3704 putabat
1165 3625 1200 3691 ie,
1220 3627 1270 3702 qui

801 3702 948 3781 diligenter
970 3705 1004 3760 de
1021 3723 1054 3760 eo
1067 3703 1137 3778 egit,
1157 3701 1271 3764 Cluvert

800 3799 1015 3857 pag.931.93a
1038 3780 1090 3856 sq„
1110 3778 1153 3835 scd
1166 3780 1270 3839 Ariciae
1301 3818 1305 3825 -

800 3877 894 3913 nunus
918 3874 945 3914 et
970 3860 1074 3915 sontem
1097 3856 1269 3935 elleEgeriae

801 3935 928 4002 domum,
947 3952 1054 3992 antrum
1068 3949 1156 3991 autem
1180 3940 1270 4011 Cape-

801 4030 896 4069 natum
914 4012 963 4069 sub
979 4012 1115 4069 Aventino
1137 4010 1213 4068 suillo
1226 4015 1268 4068 lo-

800 4108 863 4145 cum
889 4091 1042 4168 congressus
1076 4108 1139 4145 cum
1166 4090 1269 4157 Numa,

799 4165 935 4225 subtiliter
957 4169 1051 4224 docuit
1076 4165 1268 4224 Holdswortht

803 4243 870 4300 Diis.
894 4244 947 4305 IV.
990 4244 1041 4302 Pro
1063 4242 1170 4319 Egeriae
1195 4245 1271 4300 sonte

801 4324 889 4377 nollrn
904 4338 980 4380 aetate
989 4323 1072 4381 etiam
1087 4321 1183 4377 tertius
1195 4321 1271 4377 locus

801 4399 957 4458 venditatur
970 4401 995 4456 ll
1013 4398 1100 4456 millia
1116 4412 1194 4456 extra
1208 4414 1271 4474 pot·

801 4491 856 4533 tarn
878 4479 906 4538 S.
921 4478 1079 4545 Seballiani,
1103 4477 1188 4553 vulgo
1201 4476 1274 4554 Cas-

294 3087 421 3165 Auguriiae

327 3164 378 3240 761
398 3160 458 3238 sqq.
484 3160 519 3218 In
539 3184 633 3219 nemore
655 3164 758 3220 Aricino

294 3239 380 3299 Diana
404 3239 548 3329 peregrino
575 3256 649 3296 more
671 3241 755 3309 culta,

294 3337 368 3396 qnetn
383 3317 544 3393 Scythicum
556 3317 701 3373 ediderunt
711 3338 764 3374 ve·-

293 3409 362 3454 teres.
399 3394 433 3452 ln
457 3394 555 3459 eodem
577 3395 678 3471 templu
694 3397 753 3451 Vir-

296 3472 342 3530 iin
361 3473 439 3529 heroe
450 3470 583 3549 indigena
595 3470 691 3530 divino
704 3473 753 3529 ho-

296 3568 351 3608 nore
374 3549 493 3606 habitus.
535 3548 619 3606 Hunc
642 3548 754 3627 Hippo-

297 3627 385 3701 lytum,
405 3625 508 3684 Thesei
532 3626 567 3693 s.,
586 3625 754 3703 interpretati

298 3704 350 3761 sunt
372 3705 420 3763 elii
446 3725 463 3762 a
483 3702 624 3780 quadrigis
636 3704 752 3761 dilania-

299 3795 358 3850 tum,
369 3781 520 3858 AEsc‘ulapii
534 3800 622 3838 autem
643 3801 725 3856 opera
738 3802 753 3839 a

300 3856 380 3918 Diana
390 3881 423 3919 ex
435 3859 528 3919 inferis
541 3859 714 3916 tedutlumet
725 3858 753 3916 in

299 3934 595 3996 hoclococotlocatum.
637 3935 753 3992 Athla-

300 4032 325 4069 rn
337 4015 480 4094 Hippolyti
503 4014 590 4072 filium
606 4011 672 4070 satit
687 4012 752 4070 Vir·

300 4090 375 4161 bium,
393 4114 426 4151 ex
442 4091 537 4148 Aricia
557 4090 676 4164 nympha
700 4090 753 4147 sus·

299 4186 394 4247 ceptum
413 4186 440 4228 et
460 4168 488 4225 in
505 4167 610 4247 Egeriae
629 4169 692 4225 luco
717 4169 752 4225 ad

301 4250 381 4306 urbem
402 4246 527 4304 Ariciam
540 4250 695 4303 educatum.
724 4268 750 4302 v.

300 4321 430 4383 incudem
449 4322 563 4382 Excurs.
576 4321 658 4379 VllI.
692 4324 753 4401 pul-

300 4402 408 4461 cherrim
432 4401 496 4461 bello
514 4404 637 4478 jungunt
663 4398 751 4478 intpp.

301 4478 367 4557 Ergo
395 4479 458 4550 erit,
501 4477 627 4556 infignis,
669 4479 753 4547 clara,

301 4556 442 4633 conspicua,
465 4577 501 4615 ex
521 4553 608 4615 eatis.
649 4554 754 4613 Praestat

302 4633 372 4704 sorte,
392 4634 446 4693 ibat
470 4634 546 4706 bello,
574 4635 609 4693 ed
632 4632 756 4705 bellum

332 4712 414 4776 Tou.
424 4711 479 4778 111.

791 4555 892 4634 sorelli
914 4573 1034 4614 vocatus.
1076 4552 1143 4632 263.
1168 4553 1270 4611 humeu·

801 4633 951 4769 uagum,
969 4636 1004 4693 ad
1013 4636 1102 4692 lacum
1114 4629 1271 4765 Aricinuny³

1223 4723 1274 4766 ut
1296 4746 1299 4752 -
