3475 6234
592 863 685 939 nn
721 860 1130 945 uruuuruvu.
1290 895 1354 973 151
1440 832 1445 845 ’

372 1057 500 1124 Cannar
516 1058 618 1130 distas,
638 1062 806 1130 tradudlnm,
825 1085 893 1144 quas
908 1086 971 1125 cum
987 1068 1076 1126 Mufis
1098 1067 1247 1148 aliquando
1261 1068 1360 1128 confu-

370 1145 469 1210 derunt
484 1153 621 1211 Romani.
663 1156 772 1214 Lucum
792 1156 826 1214 iis
848 1178 911 1216 cum
930 1158 1006 1218 fonte
1026 1159 1121 1218 Numa
1140 1160 1302 1218 dicaverat:
1323 1157 1360 1222 ad

371 1258 418 1298 eas
444 1243 524 1302 enirn
546 1246 681 1324 pleraque
702 1248 826 1306 carmina
848 1247 907 1315 sua,
927 1250 980 1308 hoc
999 1251 1036 1308 et
1059 1250 1202 1316 vaticinia,
1222 1250 1359 1308 referebat

375 1331 469 1405 (Plut.
489 1335 520 1393 in
531 1336 628 1396 Numa
641 1358 670 1414 p.
685 1338 720 1417 65
746 1340 802 1412 A).
843 1339 995 1398 Camesene
1013 1360 1113 1398 nomen
1139 1341 1191 1398 suit
1209 1340 1358 1417 antiquissi-

371 1444 453 1482 nrum
466 1429 567 1486 montis
580 1449 614 1488 ac
626 1430 693 1496 loci,
713 1431 759 1489 eui
774 1431 935 1508 Janicnlum
953 1433 1087 1513 oppidum
1110 1433 1267 1512 impositum
1287 1447 1358 1491 erat.

371 1515 507 1595 Hyginus
519 1518 586 1577 illud
601 1540 733 1579 nomena
748 1522 863 1580 Camese
873 1522 1001 1591 duxerat,
1022 1525 1142 1601 quicum
1156 1525 1228 1602 Jano
1242 1543 1288 1581 eas
1300 1539 1358 1581 ter-

372 1627 418 1666 ras
431 1609 574 1668 tenuisset:
596 1610 819 1670 sednatraverat
829 1615 883 1671 hoc
896 1635 931 1672 ex
946 1614 1050 1673 Graeco
1061 1604 1184 1682 homine}
1204 1614 1361 1673 Protarcho

375 1696 540 1764 Tralliano;
559 1718 606 1777 ap.
623 1702 755 1760 Macrob.
770 1704 830 1762 Sar.
844 1704 872 1768 1,
893 1725 929 1782 73
951 1721 979 1763 at
992 1705 1029 1764 cs.
1046 1706 1155 1762 Athene
1167 1706 1234 1771 XV,
1260 1727 1306 1782 13,
1326 1726 1357 1781 p.

374 1789 428 1867 692
444 1792 479 1849 E.
519 1793 631 1850 Venilia
645 1812 737 1852 autem
749 1795 822 1854 inter
835 1796 902 1854 deas
911 1797 1033 1855 marinas
1048 1796 1156 1855 videtur
1179 1797 1266 1863 fuisse,
1286 1816 1356 1855 con-

376 1880 682 1960 snsaillaqnoquecum
694 1884 812 1945 Salacia.
853 1887 908 1943 Sed
930 1889 1020 1945 Varro
1032 1886 1067 1944 de
1084 1887 1157 1944 Lu.
1179 1887 1234 1952 lV,
1252 1903 1286 1945 10
1300 1885 1358 1944 dis·

374 1968 464 2048 jungit
477 1991 543 2029 eas:
564 1970 683 2037 Salacia,
705 1974 829 2050 Neptuni,
850 1999 868 2032 a
874 1975 945 2052 filo,
965 1977 1069 2034 Venilia
1081 1972 1232 2034 a‘veniendo
1243 1993 1298 2034 etc.

375 2049 380 2060 ’
414 2058 456 2116 Ex
469 2060 520 2118 hac
532 2060 619 2138 igitur
631 2061 741 2120 Venilia
754 2062 903 2140 susceptam
913 2064 984 2140 Jann
996 2065 1079 2122 liliam
1094 2066 1230 2122 Canentem
1253 2063 1282 2121 in
1302 2084 1359 2122 ma·

377 2148 536 2208 trimonium
551 2152 681 2228 accepisse
696 2169 820 2211 narratur
835 2152 925 2222 Picus,
944 2176 971 2214 v.
995 2154 1081 2212 Ouid.
1107 2156 1180 2212 Met.
1194 2153 1282 2222 XIV,
1303 2175 1358 2233 333

376 2237 446 2318 sqq,
465 2240 513 2318 qni
528 2240 639 2316 copiose
653 2240 773 2299 fabulam
787 2241 968 2319 persequitur,
988 2264 1041 2320 qua
1051 2263 1068 2299 a
1078 2242 1163 2301 Circe
1176 2242 1205 2299 in
1219 2243 1360 2304 uenatione
1450 2293 1454 2306 .

377 2333 541 2410 conspeslns,
559 2353 622 2388 cum
642 2334 700 2410 ejus
722 2353 841 2391 amorem
863 2336 1009 2411 sprevisset,
1030 2336 1060 2393 in
1074 2336 1165 2412 picum
1179 2351 1296 2393 mutatus
1308 2336 1361 2393 fer-

376 2432 426 2478 tur.
468 2421 591 2478 Eandem
604 2420 722 2479 fabulam
736 2422 832 2501 attigit
846 2423 983 2501 Virgilius
1006 2424 1055 2484 lib.
1072 2424 1143 2493 Vll,
1166 2430 1219 2502 189
1233 2425 1272 2503 sq.
1313 2428 1361 2484 Pr'.

376 2533 524 2591 eat—quem
536 2528 611 2588 capta
624 2514 736 2587 cupidine
748 2506 839 2590 conjux
851 2513 938 2570 Aurea
956 2518 1093 2591 percufflrm
1116 2522 1196 2591 virga
1215 2518 1363 2592 versumque

375 2612 477 2659 mir
490 2602 649 2659 Fecitavem
664 2600 737 2657 Circe
746 2603 892 2680 sporfitque
914 2601 1029 2659 coloribus
1051 2600 1118 2662 alas.
1160 2601 1238 2659 Picus
1262 2606 1303 2659 vel
1317 2605 1362 2681 pi-

375 2711 487 2751 cnmnus
500 2688 595 2769 priscis
615 2688 692 2746 Italis
714 2688 785 2746 inter
808 2688 894 2746 sacras
907 2688 959 2744 fuir
973 2709 1034 2746 aves
1046 2688 1222 2767 inprimisque
1241 2691 1363 2768 auguriis

375 2779 515 2857 probatus,
534 2779 608 2836 idem
623 2777 709 2834 Marti
724 2776 810 2834 sacer:
847 2798 875 2836 v.
888 2778 963 2835 Serv.
984 2780 1017 2833 ad
1032 2777 1166 2845 tinuit,
1190 2797 1254 2854 ¹90·
1294 2778 1357 2836 Nisi

375 2867 467 2948 itaque
477 2868 599 2927 nominis
622 2865 810 2942 interpretatio
825 2864 945 2922 fabulam
966 2865 1040 2923 istam
1056 2881 1165 2923 mutatae
1177 2864 1270 2924 sormae
1282 2887 1363 2945 pepe·

376 2959 422 3027 rit,
441 2976 505 3016 nata
519 2959 569 3016 illa
579 2958 629 3014 esse
639 2956 729 3035 potuit
742 2953 902 3032 ex'antiquo
917 2954 992 3032 signo
1002 2954 1111 3031 juvenis
1124 2975 1186 3012 cum
1197 2954 1261 3035 pico
1275 2956 1303 3013 in
1317 2975 1361 3013 ca-

374 3051 438 3128 pite.
479 3050 552 3115 Tale
578 3051 683 3128 signum
705 3061 835 3104 memorat
855 3046 976 3126 Ovidius
998 3049 1026 3103 in
1048 3047 1143 3104 Circes
1168 3047 1271 3106 aedibus
1289 3047 1361 3108 Met.

373 3139 458 3210 XIV,
480 3161 534 3216 3¹3
545 3140 599 3218 sq„
612 3154 649 3208 ,ut
661 3136 812 3215 augurandi
830 3133 929 3213 peritia
943 3135 971 3191 in
994 3135 1059 3193 Pico
1084 3135 1202 3206 expressa
1225 3136 1361 3196 videatur.

377 3230 442 3311 Qo
451 3230 512 3309 ipso
524 3230 680 3287 declaratur
693 3228 734 3293 id,
754 3225 826 3302 quod
842 3245 876 3302 ap
889 3225 914 3279 .d
929 3223 1081 3302 Virgilium
1093 3226 1191 3282 lituum
1203 3243 1364 3287 manutenet

375 3321 431 3394 ejus
444 3321 551 3399 lignum
572 3319 601 3376 in
615 3316 707 3375 Larini
730 3315 804 3391 regia
822 3314 955 3390 politum:
978 3335 1004 3371 ν.
1023 3319 1073 3392 ¹⁸?
1090 3315 1145 3390 Jpst
1157 3314 1364 3389 Qirraalr'lituo
1440 3312 1445 3318 ’

375 3410 626 3486 -sedebar-Picus
638 3431 725 3486 equum
738 3409 848 3463 domitor.
889 3402 995 3459 Servius
1006 3422 1115 3480 quoque
1126 3403 1160 3459 ad
1177 3424 1201 3460 e.
1213 3406 1232 3462 l.
1243 3423 1277 3460 ex
1292 3405 1363 3460 Pon-

377 3498 523 3556 tificalibus
536 3495 615 3554 libris
626 3495 740 3572 probare
751 3494 820 3558 vult,
843 3489 938 3547 Picum
952 3492 1068 3568 augurio
1080 3493 1182 3549 clarum
1193 3492 1278 3550 fuisse.

414 3588 474 3646 Pici
497 3588 586 3646 silium
600 3585 723 3663 prodidit
740 3585 854 3641 Faunum
868 3580 1022 3658 Virgilius:
1060 3583 1147 3640 Fauno
1173 3584 1246 3640 Picus
1266 3598 1362 3659 potem

377 3679 463 3738 etlib.
478 3677 551 3747 XII,
573 3677 641 3753 366.
654 3674 709 3750 769
731 3674 765 3729 ell
780 3672 886 3728 Faunus
908 3673 1024 3734 Laurens
1046 3673 1113 3728 deus.
1155 3668 1255 3727 Martis
1274 3671 1362 3728 filium

380 3769 519 3828 ediderant
534 3766 583 3823 alii
598 3786 604 3821 :
629 3763 745 3838 Dionys.
762 3762 787 3829 l,
809 3781 856 3835 3¹·
880 3759 999 3836 Appiam.
1013 3758 1111 3835 sragm.
1123 3758 1173 3815 lib.
1187 3759 1209 3816 1.
1248 3759 1320 3816 Cum
1334 3759 1363 3816 in

377 3861 432 3935 ejus
443 3872 550 3914 aetatem
563 3853 683 3910 Evandri
697 3869 724 3908 et
737 3850 866 3908 Herculis
880 3850 994 3906 accessus
1007 3849 1041 3905 ad
1057 3848 1163 3904 ltaliam
1175 3867 1190 3902 a
1202 3847 1309 3906 Graecis
1323 3868 1364 3905 re-

378 3946 425 4004 lati
435 3949 530 4013 client,
551 3941 720 4019 frequentior
732 3942 789 4016 ejus
800 3939 834 3995 ab
846 3938 881 3994 iis
895 3938 965 3994 l'adla
985 3936 1099 4003 mentio.
1139 3935 1180 3992 Ex
1194 3950 1234 3993 tot
1248 3938 1363 3994 inaniter

377 4039 533 4115 plerumque
545 4035 580 4090 de
595 4035 646 4089 hoc
663 4031 754 4088 Fauno
767 4029 848 4087 dictis
861 4030 920 4086 lraec
934 4027 1101 4085 tenebimus:
1125 4028 1248 4101 l’rirnum
1263 4047 1375 4084 numen·

378 4126 450 4184 suitle
469 4123 578 4200 antiqui
595 4121 680 4186 Latii,
700 4121 782 4197 idque
807 4118 964 4187 fatidicum,
987 4116 1128 4185 Faunum
1172 4116 1245 4173 luere
1271 4131 1362 4175 autern
1385 4191 1386 4195 ἵ

379 4215 469 4293 priscae
482 4213 583 4279 ltaliae,
602 4227 629 4269 et
642 4208 788 4287 priscarum
799 4208 853 4266 fere
865 4226 896 4263 ac
909 4204 1081 4263 barbararum
1091 4204 1213 4282 gentium
1227 4203 1362 4269 omnium,

380 4303 419 4360 dii
430 4301 539 4360 fatidici
553 4316 658 4357 tantum
670 4316 842 4355 nonomnes:
872 4297 929 4352 hec
943 4295 1016 4352 enim
1031 4296 1120 4353 sutura
1134 4292 1316 4371 praenoscendi
1330 4312 1361 4349 ac

381 4390 546 4468 piaedicmdi
560 4388 677 4445 sacultas
700 4388 727 4443 in
753 4386 864 4443 numine
887 4383 1012 4460 inprimis
1026 4384 1166 4440 hominum
1181 4381 1290 4437 rudium
1304 4383 1363 4439 ani-

383 4499 440 4537 rnos
450 4477 593 4537 movebat:
616 4495 664 4532 nec
686 4474 764 4530 aliter
784 4471 892 4530 barbari
908 4470 1042 4527 American
1055 4486 1081 4527 et
1102 4468 1207 4524 Africa
1220 4468 1314 4544 populi
1327 4471 1363 4531 de

382 4570 436 4627 diis
448 4568 501 4627 suis
513 4568 640 4625 statuunt.
683 4565 790 4622 Faunus
809 4580 898 4621 tamen
921 4563 991 4619 inter
1014 4561 1143 4617 fatidicos
1162 4562 1225 4617 dreos
1240 4560 1365 4637 inprimis

381 4660 515 4722 eminuit:
544 4671 656 4737 eratque
678 4657 736 4732 ejus
758 4654 864 4714 celebre
877 4652 1017 4712 oraculum
1030 4650 1060 4708 in
1072 4652 1135 4709 luco
1147 4649 1364 4799 Albuneqqpud

1284 4761 1294 4814 1.
1314 4761 1363 4814 urs
