3475 6234
1013 997 1022 1024 l

471 1256 818 1362 AEnutuo's,
860 1270 984 1348 tta.
1020 1273 1124 1352 vm.
1242 1295 1312 1378 245

326 1469 592 1569 Lanigerolque
606 1472 737 1568 apices,
762 1491 798 1544 et
810 1471 905 1545 labsa
921 1462 1051 1548 ancilia
1067 1476 1164 1549 coelo
1213 1555 1216 1564 ,
1323 1499 1326 1511 ’

322 1602 538 1678 Extuderat:
564 1606 669 1678 castae
685 1605 865 1678 ducebant
878 1606 975 1680 sacra
991 1632 1055 1703 per
1070 1607 1198 1680 urbem
1235 1604 1304 1702 665
1336 1698 1339 1703 r
1423 1659 1425 1670 ,

321 1734 471 1808 Pilentis
487 1739 665 1810 mattesin
685 1737 867 1813 mollibus.
919 1740 1020 1813 Hinc
1035 1741 1162 1838 procul
1177 1739 1278 1813 addit
1372 1806 1374 1815 ,
1476 1744 1480 1751 ’

321 1870 504 1944 Tartareas
520 1872 629 1946 etiam
642 1873 750 1961 sedes,
776 1873 850 1946 alta
864 1873 952 1946 ostia
968 1873 1086 1955 Ditis;

321 2005 368 2080 Et
384 2006 556 2081 scelerum
575 2032 711 2105 poenas,
736 2027 829 2096 erte,
856 2009 1025 2096 Catilina,
1051 2007 1184 2080 minaci

323 2139 538 2214 Pendentem
550 2144 709 2240 scopul0,
722 2145 980 2242 Furiarumque
996 2170 1057 2218 ora
1072 2160 1305 2221 trementemr

324 2276 549 2374 Secretol'que
568 2279 670 2377 pios:
698 2280 752 2352 his
769 2281 912 2354 dantem
924 2279 1006 2380 jura
1021 2280 1206 2393 Catonem.
1233 2277 1305 2373 670

351 2475 406 2534 ⁶⁶4.
424 2477 504 2524 Larice
516 2475 615 2534 Medic„
630 2475 664 2525 ait
676 2476 769 2536 licini,
784 2493 799 2526 a
810 2495 845 2543 pr.
855 2495 890 2527 m.
903 2494 948 2543 pro
958 2483 1033 2544 apices.
1067 2476 1153 2525 Lituta
1173 2474 1258 2524 saltem
1269 2470 1305 2522 etr

322 2553 466 2619 inrogginii
476 2553 594 2618 exemplo.
603 2553 719 2614 -665.
737 2556 866 2603 Exraderanr
878 2557 951 2602 Rom.
982 2556 1086 2601 extulerat
1104 2552 1196 2615 aliquot
1217 2550 1303 2600 trent.

322 2629 459 2680 mmGoth.
472 2641 528 2679 tert.
561 2634 701 2679 exciderant
717 2635 819 2678 exciderat
839 2631 888 2679 alii.
923 2630 969 2679 Sed
987 2633 1096 2678 extundere
1114 2627 1252 2693 exquifitiur
1269 2628 1304 2679 est

322 2705 382 2762 'alem
390 2707 457 2773 quod
466 2710 571 2764 extendere,
588 2722 631 2754 nec
642 2708 715 2756 modo
727 2708 756 2756 de
768 2725 840 2773 opere
851 2708 968 2757 eminenti
980 2719 1004 2756 et
1014 2705 1161 2772 anaglypho,
1175 2703 1215 2755 ted
1226 2705 1304 2772 limpl.

321 2782 490 2848 desculptum
505 2784 572 2830 Tum
582 2783 732 2831 eromuino:
749 2784 868 2848 prolerre,
884 2782 1002 2843 iuvenire,
1017 2796 1043 2832 ut
1061 2787 1108 2832 Ge.
1125 2785 1149 2849 l,
1169 2794 1225 2844 133.
1260 2784 1304 2852 lv,

320 2870 373 2921 315.
386 2857 565 2919 32a—666.
581 2858 639 2904 Huic
642 2870 667 2922 p.
680 2859 729 2905 duo
741 2859 948 2922 Burm.-·-669,
962 2859 1069 2925 instopnlo
1079 2858 1181 2907 Oudart.
1204 2861 1303 2922 struen-

319 2935 519 3006 tatprdtottend.
531 2945 555 2983 et
567 2934 611 2980 Ed.
618 2936 711 2981 Gener.
721 2936 823 2984 timim
834 2935 1155 3002 Goth.tert.--670.ptln
1163 2936 1301 2988 Gothaert.

319 3076 479 3142 etpumpam
493 3077 673 3121 matronarum
696 3064 731 3121 ad
742 3065 784 3122 lu·
833 3067 953 3126 Cinnam
978 3065 1109 3132 alinmm,
1142 3065 1189 3143 qui
1214 3086 1300 3144 remp.

320 3139 370 3197 dor
382 3144 424 3198 vel
436 3141 520 3210 sacra,
541 3142 576 3196 ad
595 3160 656 3218 quae
674 3141 785 3219 pilentis
831 3159 974 3211 everterat,
994 3144 1172 3201 nominasset:
1195 3145 1301 3202 Contra

319 3216 380 3275 vehi
390 3219 477 3278 licuit.
500 3240 526 3275 ν.
543 3218 606 3274 Liv.
631 3216 668 3285 V,
692 3239 740 3307 ις.
754 3239 783 3296 9.
832 3223 862 3280 in
883 3222 1006 3280 Catilina
1030 3221 1115 3279 scelus
1129 3221 1300 3280 manifestum

319 3293 398 3352 Sacra
411 3296 507 3354 Cereri
529 3296 571 3352 vel
585 3298 725 3353 Carmentt
743 3298 782 3354 la·
831 3317 857 3356 tt
868 3299 1024 3356 consellum.
1041 3299 1299 3377 perduremscopalo,

318 3371 412 3430 cienda
432 3374 523 3449 Julius
546 3372 661 3429 Sabinus
683 3374 784 3448 potiffi·
831 3395 897 3456 puto
910 3392 1077 3454 tamquame
1098 3376 1177 3432 uuleo
1192 3376 1298 3433 dillen-

318 3468 390 3509 tuum
403 3467 545 3508 memorat.
584 3450 670 3506 mollia
682 3451 783 3526 pilenta
832 3473 906 3511 tum:
930 3458 1011 3511 tratla
1029 3453 1066 3511 rei
1078 3397 1299 3511 iacieaProme-

317 3529 431 3605 appellat
456 3545 524 3607 puto
549 3543 659 3607 propter
674 3529 782 3585 mollem
832 3530 895 3589 theo
908 3531 967 3607 rupi
982 3531 1109 3608 alligato;
1129 3548 1178 3608 pro
1190 3530 1298 3590 vulture

318 3618 344 3661 et
355 3605 456 3663 lentum
474 3605 615 3670 iucess'um,
634 3624 714 3681 quem
727 3605 783 3683 ipsa
832 3607 1060 3666 Furiaeadstdenr.
1090 3616 1207 3665 minacem
1210 3613 1298 3685 scopa·

318 3682 443 3740 strustura
455 3699 483 3741 et
501 3683 563 3743 fitus
581 3682 670 3739 editus
682 3701 713 3738 ac
727 3686 782 3739 cel·
830 3685 1028 3760 luntamquam
1048 3683 1181 3742 ruiturum
1195 3702 1222 3743 et
1240 3686 1297 3743 rui-

316 3758 356 3818 rus
380 3760 484 3822 ruzfiue
505 3761 623 3818 videtur.
676 3759 783 3816 Servius
831 3783 864 3819 na
878 3782 938 3820 eum
953 3754 997 3817 stia
1011 3762 1201 3839 opprellurum.
1243 3764 1297 3822 Fu-

315 3837 424 3916 penfiles
450 3856 546 3895 currus
579 3837 781 3913 interpretatur,
830 3850 926 3898 riarum
944 3856 1139 3896 nrarrenrenrrnr
1160 3838 1218 3896 vid·
1235 3840 1295 3919 sup·

315 3915 435 3993 adeoque
446 3915 572 3982 mobiles,
593 3931 666 3971 motu
676 3913 782 3984 faciles,
830 3917 885 3983 Vl,
907 3920 973 3996 ⁶05·
999 3917 1065 3974 606.
1088 3918 1155 3992 607,
1177 3932 1203 3972 et
1247 3937 1295 3993 71·

315 4008 344 4049 ut
356 3991 531 4068 ndliatrscilla
542 3992 647 4070 Georg.
662 3991 701 4057 ll,
714 3996 781 4068 389.
829 3997 929 4051 dantem
938 4001 1016 4074 jura,
1033 3993 1155 4069 judicem
1166 3939 1295 4050 conliitu-

313 4068 400 4145 Julius
420 4088 511 4127 autem
538 4069 653 4127 Sabinus
673 4072 782 4127 delicata
830 4087 887 4128 tum
914 4088 943 4128 ut
977 4073 1089 4127 alterum
1124 4070 1297 4126 Rhadaman-

313 4147 433 4226 expouit.
474 4148 575 4203 Saltem
588 4146 779 4222 ficaccipiam,
829 4149 919 4206 thum.
939 4148 996 4205 vid.
1013 4146 1147 4224 V1,566.
1188 4144 1296 4204 DeCa·

313 4243 370 4302 quae
396 4226 523 4284 mollium
550 4241 577 4281 et
602 4224 779 4280 delicatorum
828 4240 893 4282 tune
919 4224 1041 4281 Uticensi
1066 4223 1121 4300 agi,
1151 4221 1294 4300 ¹liquidum

313 4300 455 4360 hominum
468 4302 530 4359 sum
544 4319 679 4377 carpenta.
706 4304 781 4378 Apex
828 4304 863 4357 est
874 4326 881 4370 ;
901 4303 944 4358 vel
963 4319 998 4358 ex
1017 4299 1141 4376 opposito
1154 4299 1292 4358 Catilina:

313 4379 395 4438 laneis
407 4379 486 4438 vittis
503 4396 612 4437 ornatus
626 4376 780 4446 flaminum
829 4381 895 4435 alter
903 4379 1068 4457 oppugnavit
1082 4377 1207 4452 patriam,
1227 4380 1295 4438 alter

312 4457 444 4537 proprius.
828 4457 924 4513 liberta
937 4476 980 4512 em
1001 4455 1191 4532 propugnavit.
1233 4457 1293 4513 Nec

349 4536 515 4610 ὀδό-670.
536 4533 591 4590 Etsr
609 4531 698 4590 alieno
718 4531 780 4589 loco
827 4555 891 4590 vero
906 4536 983 4600 alins,
1002 4553 1082 4610 quam
1096 4533 1128 4588 ad
1147 4531 1204 4606 ejus
1219 4533 1293 4589 seve-

314 4608 412 4669 iutrusa
425 4628 516 4689 putem
540 4611 595 4667 haec
609 4614 693 4686 ligna,
714 4629 781 4684 prae-
827 4613 945 4677 ritatem,
966 4611 1096 4687 relpetlus
1120 4611 1224 4664 habitus
1248 4609 1291 4665 vi-

313 4690 381 4747 ciare
394 4706 484 4748 tamen
504 4708 534 4746 ea
547 4704 663 4752 ornavit,
703 4691 780 4742 Cato·
826 4690 922 4755 detur;
943 4707 998 4764 quo
1012 4686 1096 4764 tnagis
1105 4705 1171 4740 vana
1183 4686 1218 4740 cll
1231 4685 1292 4741 Ser.

313 4774 422 4846 impin
435 4772 506 4846 jura
529 4769 629 4823 dantem
640 4764 702 4841 quis
723 4783 778 4820 nou
827 4766 865 4824 vii
892 4766 1059 4840 aliorumque
1084 4761 1221 4821 dubitatio
1245 4781 1292 4818 ve·
1377 4797 1380 4805 ·

313 4842 423 4902 miram
461 4845 522 4901 est?
575 4843 626 4901 Pro
660 4842 778 4900 Catilina
827 4844 956 4909 rentium,
976 4861 1009 4898 ne
1031 4841 1154 4915 Augusto
1176 4840 1292 4899 Catonia

310 4937 387 4979 eram
410 4921 484 4980 haud
505 4918 601 4990 dubie,
619 4938 688 4997 quos
701 4917 779 4975 malis
827 4920 958 4977 memoria
979 4936 1072 4995 parurn
1086 4931 1161 4992 grata
1174 4915 1224 4972 elle
1242 4917 1291 4975 de·

310 4997 443 5078 supplicio
455 4999 564 5057 affetios
580 4997 684 5055 videre.
724 4996 778 5052 Sed
825 4996 925 5055 buerit.
965 4993 1017 5051 Sed
1040 4993 1091 5049 hoc
1105 4991 1222 5051 refellere
1232 4997 1290 5072 jaru

312 5093 403 5154 perum
417 5079 564 5153 prudenter
575 5073 718 5166 minusque
730 5072 778 5130 de·
826 5073 874 5131 alii
901 5071 1069 5138 studuerunt,
1099 5069 1224 5147 inprimis
1255 5071 1291 5130 ad

313 5159 468 5247 eorepo'e'ra
477 5151 599 5213 Marium
610 5152 651 5211 vel
664 5151 780 5220 bullam,
828 5151 930 5211 l-lorat.
945 5149 1066 5206 ICarm.
1083 5166 1130 5218 12,
1144 5168 1200 5229 355
1220 5146 1292 5284 effic

1283 5264 1301 5295 ι
