3475 6234
598 851 688 927 nn
738 804 1025 930 urnuuru
1072 859 1156 935 vtr.
1294 886 1363 960 un

416 1039 547 1145 2⁸³,s‘l‘l5
568 1041 615 1103 De
628 1044 715 1106 Taras
733 1048 844 1128 ejusque
861 1051 971 1130 origine
983 1053 1088 1116 dissum
1100 1057 1137 1116 ell
1155 1057 1277 1135 Excusso
1294 1055 1368 1129 vn.

379 1123 493 1191 'l'rrbust
517 1152 544 1191 er
566 1142 650 1211 posta
675 1156 702 1196 v.
729 1158 783 1216 793
812 1139 885 1218 seqq.
914 1162 1028 1221 regnum
1053 1144 1084 1202 in
1106 1149 1223 1216 Rutulos,
1246 1168 1366 1226 quorum

378 1232 461 1296 caput
475 1221 566 1279 Ardea
575 1246 584 1293 3
607 1225 721 1283 Acoenfi
743 1227 773 1285 hi
795 1227 922 1300 Latinis;
940 1230 988 1289 ctfi
1001 1230 1140 1293 interdum
1161 1237 1197 1295 tle
1216 1237 1251 1295 iis
1263 1237 1367 1295 insn-

375 1304 470 1379 ditur,
491 1324 520 1367 ut
537 1330 583 1370 eos
604 1313 715 1373 aliunde
736 1315 899 1394 immigrasse
917 1336 1013 1397 putes:
1033 1321 1083 1381 nifi
1103 1323 1155 1381 hoc
1177 1325 1213 1383 ael
1236 1324 1366 1395 Daunmn

379 1410 487 1458 tentum
499 1399 607 1479 spalat,
619 1402 711 1461 Turni
727 1420 841 1482 patrem,
854 1406 903 1485 qui
916 1427 979 1466 curn
1000 1410 1117 1470 Dauniir
1128 1427 1229 1473 tetram
1242 1413 1365 1473 insedisse

380 1484 497 1552 Videtur.
535 1490 638 1550 Saltem
666 1492 738 1563 XII,
765 1516 800 1556 22
826 1498 893 1556 Sunt
910 1498 961 1557 eibi
985 1523 1065 1578 regna
1080 1512 1165 1578 petris
1185 1504 1367 1581 Donatistae

378 1582 467 1661 meisa
479 1596 554 1660 rapta
573 1584 666 1644 Modra
679 1608 764 1644 mana.
802 1586 838 1645 Iu
859 1588 1002 1668 Excerpsis
1021 1591 1142 1671 Applanl
1162 1593 1214 1655 lib.
1236 1595 1253 1654 Ῑ
1274 1597 1369 1657 Raralr

379 1665 509 1748 {synna
529 1690 733 1746 memorantur3
750 1674 794 1734 sed
820 1677 933 1748 viriost3
953 1681 1028 1758 quod
1050 1681 1133 1741 aiem
1151 1685 1258 1753 monuit
1278 1704 1366 1766 nuper

379 1757 414 1817 tl.
426 1755 538 1820 Editor.
577 1761 677 1841 Copiis
695 1783 711 1820 a
732 1764 831 1824 Turno
850 1766 974 1827 addonis
986 1768 1107 1828 accenset
1118 1777 1201 1847 po'eta
1212 1772 1296 1833 etiam
1307 1774 1365 1835 Aa·

379 1866 473 1928 neon,
494 1849 537 1907 cis
549 1847 639 1910 Lirim
652 1852 755 1911 scilicet
767 1855 931 1924 habitantes,
953 1856 1103 1938 aliosquea
1122 1858 1220 1920 Tiberi
1239 1862 1306 1922 inde
1325 1852 1368 1943 atl¹

379 1932 507 2009 Ilfeptern
528 1941 614 2021 usque
635 1942 783 2002 incolentes
795 1945 927 2024 populos:
948 1966 1016 2024 quos
1036 1963 1125 2006 tamen
1146 1969 1218 2008 nunc
1239 1950 1290 2009 sub
1309 1950 1363 2010 im-

379 2019 452 2103 perio
464 2027 567 2101 habere
588 2030 676 2087 videri
697 2031 790 2100 debet,
812 2034 942 2108 quoniam
965 2034 1072 2104 Latini,
1092 2035 1193 2094 bellum
1206 2038 1364 2113 recusantis.

380 2130 465 2192 partes
483 2133 511 2176 et
531 2119 626 2176 munia
647 2118 702 2195 ipse
725 2118 883 2199 susceperat.
905 2122 981 2181 cons.
1003 2122 1055 2181 ins.
1079 2138 1137 2182 not.
1159 2125 1194 2182 ad
1215 2125 1273 2195 XI,
1295 2147 1360 2206 3¹7·

380 2200 414 2262 Et
426 2204 496 2265 inter
508 2207 559 2265 bos
583 2207 694 2286 quidem
708 2208 796 2266 Sicani
815 2210 847 2265 ad
873 2208 1000 2268 Tiberim
1014 2210 1138 2270 videntur
1151 2231 1166 2268 a
1178 2220 1262 2291 poita
1274 2217 1363 2273 collo-

378 2294 432 2371 cari
443 2297 494 2354 lib.
511 2297 567 2366 Xl,
582 2316 636 2374 3¹7
652 2297 792 2354 infinibus
804 2298 987 2357 Rutulorum:
1009 2300 1052 2358 seu
1064 2301 1138 2378 quod
1151 2308 1234 2379 po'e'ta
1247 2303 1361 2365 Sicanos

379 2386 651 2465 prosiculispotoir.
671 2386 746 2444 conf.
769 2386 883 2446 Excuts.
908 2387 937 2445 II
961 2387 995 2444 ad
1020 2387 1104 2457 VIII,
1128 2406 1194 2468 314.
1218 2395 1292 2465 3283
1313 2391 1360 2451 seu

381 2477 452 2553 quod
477 2477 546 2534 alios
569 2478 700 2541 ausiores,
724 2475 772 2552 qui
795 2495 867 2533 nunc
889 2475 1025 2541 interiere,
1052 2476 1178 2553 sequutus
1199 2478 1245 2537 est.
1284 2477 1361 2539 Inter

378 2566 488 2645 populos
500 2586 612 2657 quoque
627 2566 740 2624 Latinos
754 2547 886 2623 memorat
899 2567 999 2624 Sicanos
1011 2564 1116 2623 Plinius
1135 2565 1189 2636 111,
1208 2587 1237 2643 9.
1278 2564 1360 2628 Forte

380 2652 451 2713 suere
469 2676 504 2714 ex
523 2656 675 2734 priscorum
699 2657 859 2714 Sicanorum
880 2654 1014 2733 reliquiis,
1033 2654 1081 2732 qui
1103 2654 1148 2713 hic
1171 2655 1271 2733 priscas
1283 2658 1358 2716 sedes

383 2741 550 2817 retinuerant.
603 2746 728 2804 Sarrano
752 2756 817 2803 acics
845 2763 896 2822 pro
922 2743 1089 2801 Ardeatibus
1113 2744 1194 2801 dinae
1217 2746 1357 2816 videntur,

382 2830 507 2911 quoniam
518 2832 589 2891 sacra
610 2853 715 2910 magnae
737 2832 826 2889 Deum
847 2833 948 2891 Matris
961 2852 976 2889 a
990 2833 1116 2892 Sacranis
1134 2832 1255 2914 suscepta
1273 2836 1358 2895 habe·

381 2919 449 2983 bant.
486 2921 569 2980 Certe
581 2924 634 2979 hoc
651 2925 816 2980 Sacranosanr
826 2921 938 2979 nomine
951 2921 1128 2980 Sacerdotum
1140 2923 1195 2982 suit
1207 2925 1355 3003 collegium

379 3005 446 3070 insa
458 3011 533 3080 urbe,
547 3012 596 3090 qui
607 3011 706 3070 Matris
720 3030 823 3088 magna
836 3010 928 3070 Deum
948 3011 1021 3070 sacra
1039 3026 1173 3073 curarent.
1212 3012 1355 3074 Marmora

378 3094 436 3157 bina
447 3102 477 3159 in
489 3121 550 3158 eam
565 3122 619 3158 rem
630 3101 685 3176 jam
699 3099 820 3158 laudavit
834 3101 1027 3158 Burmannuse
1041 3101 1139 3158 Gudio
1152 3122 1179 3178 p.
1196 3101 1269 3173 XX,
1283 3108 1310 3164 8.
1323 3125 1355 3184 9.

379 3185 446 3249 Vnde
467 3192 564 3248 eadem
588 3191 718 3248 illustrata
737 3209 752 3245 a
776 3189 882 3266 Vulpio
905 3190 988 3248 Tom.
1013 3191 1039 3247 V
1062 3205 1116 3248 vet.
1131 3191 1205 3249 Latii
1218 3213 1280 3271 pag.
1296 3216 1354 3276 209

377 3276 430 3358 sqq.
470 3279 542 3339 Festi
563 3282 652 3337 locurn
673 3280 730 3355 jnrn
753 3279 898 3334 laudarunt
921 3278 1008 3354 intpp.
1029 3280 1140 3336 Sacrani
1157 3281 1353 3360 appellarisant

378 3370 450 3441 Resa‘e
487 3380 548 3438 orti,
579 3381 622 3447 qui
652 3394 684 3426 en
706 3373 862 3444 ſsplr'nrsntr'o
894 3370 1001 3443 ligares
1035 3367 1170 3446 Sirresssqree
1199 3390 1353 3451 exegerant:

378 3482 430 3517 serr
450 3483 515 3516 vere
530 3463 605 3533 sacro
626 3467 676 3514 arri
691 3474 781 3523 oranr3
800 3475 835 3512 err
849 3477 903 3533 quo
916 3458 977 3514 loco
997 3456 1123 3514 Seruiana
1146 3458 1245 3516 lacinia
1267 3463 1353 3538 petita

378 3548 482 3607 xlAEn.
499 3547 555 3613 ΧῙ,
578 3565 631 3624 317
647 3546 668 3603 f.
689 3547 737 3602 Illo·
760 3546 869 3620 (Siculi)
891 3570 909 3602 rr
928 3545 1061 3622 Lspurr'bas
1077 3546 1227 3621 prasfisrrnt,
1247 3551 1354 3628 Ligures

377 3638 545 3705 aSacranr's3
573 3638 685 3693 Sacram·
709 3635 743 3693 ab
769 3635 957 3713 Aboriginibus.
997 3634 1027 3691 Si
1052 3650 1140 3691 tamen
1164 3636 1225 3693 Sllil
1248 3640 1353 3700 versum

377 3726 547 3786 recordamur
559 3723 587 3780 V
589 3723 602 3780 I
606 3722 645 3789 ll,
659 3744 714 3801 417
728 3747 873 3802 magnaeque
887 3724 967 3780 Reate
975 3722 1084 3780 dicatum
1097 3722 1242 3784 coelicolam
1257 3728 1354 3797 Marri,

376 3816 409 3875 sd
426 3833 473 3875 ver
484 3814 590 3873 sacrum
611 3834 645 3870 nc
666 3813 857 3870 recurrendum
880 3808 991 3887 quidem
1005 3811 1055 3868 esse
1067 3811 1183 3871 videtur.
1223 3815 1353 3879 Servius:

376 3902 468 3964 Ducunt
490 3906 614 3984 quendam
636 3902 804 3978 Corybantem
827 3901 923 3974 vensse
946 3901 985 3955 ad
1008 3899 1115 3957 Italiam
1136 3917 1160 3957 et
1181 3908 1354 3983 tenrasselaca,

375 4016 502 4071 quarens
513 3993 574 4052 arbi
583 4002 670 4065 vicina
683 3997 766 4067 sunt:
790 4007 814 4047 et
826 4011 859 4045 ex
879 4012 904 4046 eo
919 3987 1019 4065 papulas
1041 3990 1152 4047 ducentes
1170 4002 1285 4070 originem
1306 4000 1355 4056 Sa.

375 4100 463 4149 eranoe
474 4086 521 4160 effi
540 4080 696 4159 appellarem
716 4105 776 4137 narn
791 4084 894 4153 sacrati
903 4081 967 4152 sant
987 4086 1069 4136 matri
1086 4078 1169 4139 Deum
1189 4083 1355 4159 Corybantes,

375 4168 439 4230 Sunt
458 4173 516 4231 haec
543 4171 704 4231 commentis
727 4170 877 4229 similiora:
904 4167 937 4226 ad
960 4167 1034 4226 sacra
1053 4181 1142 4226 tamen
1167 4169 1285 4244 Cybeles
1306 4194 1356 4232 no-

376 4277 433 4318 men
453 4265 624 4320 Serranorum
648 4279 680 4317 ea
704 4259 762 4337 ipsa
784 4257 911 4317 referunt.
961 4255 1072 4335 Propius
1093 4259 1127 4318 ad
1156 4258 1260 4316 Festum
1279 4260 1354 4339 spoc-

376 4361 430 4406 tent
450 4368 492 4419 ca,
516 4369 578 4427 quae
599 4347 745 4425 sequuntur
765 4347 793 4405 in
816 4345 929 4404 Servios
956 4346 1012 4402 Alii
1031 4347 1160 4403 Sacranas
1172 4346 1243 4404 acies
1255 4349 1356 4411 Ardea·

379 4444 435 4495 liare
456 4439 559 4505 odunt,
584 4447 628 4517 qar'
649 4436 796 4515 aliquando,
820 4459 875 4495 curn
896 4436 1036 4513 pestilentia
1059 4436 1215 4504 laborarent,
1237 4459 1289 4495 ver
1305 4447 1357 4518 χρ.

378 4547 442 4583 eran
462 4543 593 4585 versarent
619 4524 734 4598 (immoz
768 4545 836 4601 quos
858 4527 1180 4603 patentes-voverunt),
1212 4527 1276 4583 unde
1307 4531 1355 4590 Sa.

377 4613 447 4677 enni
454 4617 599 4694 bellust.
638 4614 728 4692 Julius
748 4613 862 4706 Sab'prus
877 4611 941 4671 Silii
955 4609 1035 4672 verba
1047 4629 1081 4669 eo
1095 4612 1179 4681 trahit
1193 4612 1254 4690 (lib.
1268 4615 1354 4786 VIII),

640 4718 647 4729 ’
1279 4726 1334 4790 359
