3475 6234
532 1204 618 1286 no
658 1207 920 1285 trorum
968 1211 1072 1290 vnr.
1231 1239 1301 1316 273

346 1409 403 1473 De
414 1414 482 1470 artis
494 1408 617 1488 respectu
627 1405 803 1486 judicioque,
823 1409 899 1488 quod
912 1411 993 1472 multi
1007 1413 1037 1472 in
1051 1415 1134 1492 poiita
1147 1415 1238 1476 nostro
1250 1434 1303 1496 ag-

310 1501 440 1569 noscunt,
458 1498 574 1558 omnino
593 1499 663 1558 mihi
683 1498 796 1579 quidem
810 1499 901 1559 adhuc
915 1521 1015 1580 parum
1028 1503 1128 1584 liquet,
1147 1526 1210 1575 nec,
1229 1505 1304 1567 sidi-

311 1592 436 1651 cendum
457 1591 507 1657 est,
539 1588 614 1667 quod
638 1589 736 1657 sentio,
767 1608 903 1669 magnum
922 1591 1035 1671 aliquod
1054 1594 1099 1653 seu
1121 1595 1236 1675 pisiurae
1257 1596 1303 1657 seu

312 1679 460 1760 sculpturae
469 1677 586 1749 studium
598 1681 711 1754 poetam
724 1679 845 1737 nostrum
858 1679 971 1739 tenuisse
984 1681 1112 1743 arbitror.
1153 1686 1230 1745 Nam
1243 1685 1303 1764 pri-

313 1789 403 1837 mum,
422 1788 483 1853 quae
496 1766 544 1826 ille
554 1767 694 1847 exposuit,
712 1766 781 1826 nihil
799 1769 854 1828 tale
875 1769 1009 1848 produnt,
1027 1787 1056 1831 et
1072 1770 1210 1850 ejusmodi
1231 1773 1305 1847 sunt,

316 1878 346 1923 ut
358 1861 446 1922 etiam
457 1858 613 1941 vulgariter
627 1859 740 1939 quisque
753 1858 854 1920 artium
867 1861 972 1941 peritur
991 1883 1025 1923 ea
1038 1865 1160 1925 carmine
1172 1886 1304 1945 compre·

312 1952 433 2012 bendere
445 1951 534 2031 possit.
575 1952 652 2010 Tum
664 1970 740 2020 vero,
761 1967 792 2012 ut
803 1959 889 2031 poeta
903 1954 939 2013 ab
957 1974 992 2014 eo
1009 1956 1123 2016 consilio
1146 1957 1304 2036 longiflime

315 2036 419 2109 abfuit,
439 2057 469 2101 ut
483 2039 549 2115 artis
559 2039 739 2102 subtilitatem
752 2042 922 2121 sequeretur,
941 2042 982 2104 ita
993 2063 1144 2108 occurrunt
1163 2067 1219 2108 non
1232 2067 1304 2126 pau·

315 2149 361 2202 ca,
380 2154 440 2210 que
452 2129 619 2208 asculpuurae
628 2147 727 2204 aarum
739 2134 868 2197 recedat,
888 2151 940 2192 nec
952 2133 1034 2192 facile
1047 2155 1099 2194 nec
1108 2136 1256 2196 commode
1268 2155 1304 2196 ea

315 2235 375 2280 arte
388 2219 503 2280 trasiari
512 2220 629 2299 possunt.
670 2217 729 2300 Qui
750 2220 896 2279 Oceanum
916 2219 947 2280 in
967 2225 1080 2302 angusto
1092 2224 1179 2285 limbo
1191 2224 1304 2305 expres-

314 2309 371 2372 sum
382 2327 513 2371 ettamen
526 2310 556 2369 in
566 2331 599 2370 eo
609 2308 765 2369 innatantes
775 2309 918 2388 delphines
925 2310 1048 2372 reddidit
1062 2315 1123 2392 (vsi.
1134 2314 1202 2394 671.
1212 2316 1303 2394 674),

315 2423 356 2464 uae
380 2403 404 2463 is
429 2422 486 2462 non
509 2400 580 2460 adeo
603 2420 736 2480 magnam
760 2400 908 2480 graphicer
927 2401 1054 2480 peritiam
1079 2404 1181 2464 habere
1199 2406 1302 2485 potuit.

316 2495 438 2557 Omnino
447 2492 484 2551 dc
498 2507 557 2551 arte
571 2492 703 2572 cogitasse
716 2491 853 2570 Virgilius
868 2513 923 2552 non
934 2492 1056 2562 videtur,
1076 2496 1302 2576 quandoquidem

316 2587 370 2667 ipsc
380 2583 520 2645 diversum
533 2582 573 2641 rei
584 2582 726 2642 consilium
736 2582 851 2661 exponit
863 2605 871 2641 :
891 2581 952 2642 Illic
956 2606 1036 2662 genus
1044 2609 1112 2646 omne
1114 2593 1222 2666 future
1230 2590 1303 2651 Srir'·

311 2686 353 2757 pis
370 2674 528 2750 abAscant'o
536 2688 700 2752 pugnataque
708 2676 737 2730 ir
746 2676 834 2731 ordine
845 2671 898 2731 bell
916 2717 923 2732 .
964 2675 1060 2753 Atque
1081 2696 1117 2736 ex
1130 2677 1164 2736 iis
1184 2677 1302 2760 decerp-

316 2787 390 2828 turos
403 2762 533 2825 nonnulla
548 2761 676 2837 subjicit:
707 2762 855 2821 Fecerant
873 2765 962 2820 viridi
980 2778 1037 2822 etc.
1078 2767 1119 2826 At
1140 2765 1214 2826 enim
1237 2788 1303 2830 com

316 2857 445 2917 Homero
454 2866 596 2913 certarnen
605 2851 687 2910 iniit:
707 2852 761 2911 hoc
773 2851 820 2910 sibi
831 2853 1001 2931 propostam
1010 2854 1109 2917 habuit
1119 2857 1209 2936 primo
1218 2859 1303 2932 loco;

315 2951 402 3011 altero
412 2962 443 3007 ut
451 2945 587 3007 Romanis
598 2943 649 3003 suis
662 2945 793 3021 placeret.
835 2942 865 3004 Si
887 2943 954 3004 artie
971 2946 1107 3008 rationem
1126 2951 1230 3011 habere
1250 2973 1302 3013 vo-

313 3041 411 3107 luisset,
430 3058 486 3099 non
500 3036 627 3096 dividere
641 3035 762 3114 clipeum
775 3034 805 3094 iu
822 3049 931 3095 tantum
950 3056 1099 3113 parvarum
1112 3058 1239 3109 arearum
1252 3064 1303 3104 nu·

313 3152 430 3200 merum,
448 3127 494 3190 sed
505 3147 638 3187 revocare
649 3125 742 3185 omnia
756 3123 791 3184 ad
805 3144 888 3184 unum
899 3147 1033 3206 magnum
1050 3148 1083 3189 ac
1103 3129 1196 3189 nobile
1209 3151 1297 3213 argu-

315 3238 450 3290 mentum,
469 3235 499 3280 et
508 3238 601 3278 aream
611 3217 706 3276 saltem
717 3234 771 3274 una
780 3234 878 3295 pugna
892 3217 1008 3276 Asliaca
1021 3238 1156 3279 exornare
1169 3219 1302 3294 debebat,

316 3314 364 3398 qui
377 3312 464 3375 totius
477 3309 562 3388 clipei
575 3308 649 3368 haud
663 3306 746 3367 dubie
757 3306 984 3386 splendidiffimue
993 3309 1070 3368 locus
1083 3311 1132 3370 est.

352 3408 426 3467 Sunt
443 3419 537 3461 tamen
550 3397 671 3458 nonnulla
683 3401 723 3456 ad
731 3401 919 3475 exprimendum
932 3402 1033 3478 artifice
1052 3424 1129 3460 mana
1141 3409 1241 3483 egregie
1255 3428 1302 3464 ac·

313 3500 479 3560 emma,
498 3493 644 3572 multisque
653 3491 746 3568 passim
760 3489 892 3567 operibus
905 3493 1047 3568 expressa:
1075 3507 1106 3552 ut
1119 3495 1255 3554 Romulus
1272 3506 1303 3554 et

314 3589 566 3651 Remuelasientcs‚
587 3598 681 3662 raptus
696 3579 875 3647 Sabinorum,
894 3599 961 3640 mox
971 3581 1075 3641 bellurn
1086 3598 1114 3642 ct
1124 3585 1237 3644 tandem
1247 3583 1302 3644 foe·

313 3683 363 3742 dns
385 3681 482 3741 ianm.
521 3673 606 3732 Metii
622 3670 733 3732 Fuffetii
759 3669 935 3750 supplicium,
974 3672 1023 3730 etsr
1058 3674 1093 3731 ad
1114 3674 1216 3735 sensum
1239 3674 1302 3735 nos-

313 3790 384 3833 trum
405 3769 491 3830 nimis
520 3766 626 3825 soedum
649 3779 677 3821 et
705 3761 898 3830 aversandum,
928 3778 957 3822 ut
979 3762 1039 3839 jam
1065 3765 1195 3834 diximus,
1226 3767 1303 3829 duria
1417 3786 1422 3795 “

315 3865 506 3925 Rornanorum
520 3855 639 3936 ingeniis
654 3853 726 3913 sorte
738 3851 828 3917 minus
842 3853 993 3932 displicuit.
1032 3852 1108 3913 Urbs
1128 3876 1145 3913 a
1165 3857 1303 3916 Porsenna

312 3955 424 4020 obsessa,
444 3947 565 4010 revulsus
578 3946 614 4004 ab
624 3942 745 4003 Horatio
757 3943 868 4001 Coclite
880 3963 961 4021 pons,
984 3943 1158 4020 Capitolium
1178 3966 1195 4004 a
1209 3947 1303 4012 Gallis

313 4045 455 4107 obsess'um,
475 4055 527 4097 eta
541 4035 651 4096 Manlio
663 4048 889 4111 propugnatum
911 4034 1047 4093 Saliorum
1057 4034 1174 4093 saltatio.
1195 4034 1302 4116 Luper.

313 4155 410 4195 coram
432 4129 578 4195 discursus,
598 4140 788 4185 matronarum
808 4123 946 4182 invesiio:
978 4122 1037 4182 sunt
1059 4125 1116 4183 haec
1137 4124 1216 4194 talia,
1241 4148 1304 4206 quar
1359 4168 1361 4173 -

312 4245 396 4306 opere
410 4221 554 4298 exsculpto
566 4217 691 4296 expressa
703 4214 816 4293 placere
829 4227 992 4293 potuerunt.

314 4401 364 4468 jan
372 4401 437 4453 libro
449 4401 485 4452 v1
500 4395 615 4446 Anchises
623 4403 801 4443 memoraverat
820 4391 886 4456 (satia
900 4391 1015 4460 obscure).
1049 4396 1105 4459 Jam
1112 4393 1195 4460 subjici
1206 4401 1305 4461 aposta
1426 4382 1429 4401 ‘

316 4480 403 4532 unffi,
412 4479 620 4529 incrementorum
626 4484 760 4529 tantorum,
774 4469 891 4534 pietatem
903 4469 928 4516 in
940 4469 997 4518 deoc
1008 4479 1031 4518 et
1040 4472 1232 4521 carimoniaruna
1248 4475 1305 4522 reli·
1411 4486 1413 4492 ’

316 4559 416 4626 tionem
426 4573 451 4605 v.
465 4554 524 4616 663,
538 4552 668 4601 secundum
677 4549 719 4598 illa
728 4547 822 4597 Horatii
832 4548 875 4605 ΙΙΙ,
886 4545 938 4607 6‚5
962 4549 1004 4594 Dis
1024 4553 1156 4597 seminarem
1174 4555 1226 4613 quod
1237 4555 1308 4615 gerse,

314 4642 411 4703 superat.
447 4633 523 4700 Qlod
532 4642 614 4679 autem
626 4628 746 4692 scqtlstltr:
764 4629 798 4674 Dt'
807 4627 874 4672 nasu
882 4628 966 4690 negsesss
973 4628 1068 4674 dederam
1079 4628 1181 4693 Hespm'ae
1191 4631 1249 4676 nasa
1259 4631 1305 4675 snt·

314 4719 382 4780 mse,
397 4731 413 4763 a
424 4709 532 4776 Virgilio
544 4708 655 4773 subjungi
666 4705 782 4755 scelerum
792 4703 817 4752 io
828 4703 933 4768 patriam
945 4703 1124 4752 commissorum
1143 4716 1168 4753 ct
1189 4716 1304 4754 natorum

316 4793 368 4852 inde
374 4780 496 4842 bellorum
507 4785 617 4835 ciuilium
631 4782 791 4833 declaratione
802 4779 861 4845 (666
872 4792 1022 4829 memoratur
1041 4780 1146 4829 Catilina
1156 4780 1182 4829 in
1193 4785 1306 4843 Tartaro,

317 4869 409 4920 creora
416 4866 481 4916 sedit
489 4863 605 4930 piorum).
639 4860 750 4911 Tandem
758 4858 785 4909 io
793 4858 898 4907 Romani
909 4856 1006 4923 imperis
1017 4857 1139 4920 majestate
1147 4856 1178 4905 ab
1188 4857 1302 4923 Augusto

318 4944 439 4995 vindicata
450 4953 476 4990 et
486 4955 530 5006 per
540 4950 661 4988 terrarum
668 4935 754 5007 or'ltcto¹
764 4946 898 5001 propagato
908 4938 1010 4999 poetam
1025 4931 1175 4983 subsisicre.''
1206 4932 1305 5001 sagaci·

319 5030 391 5071 tamor
398 5029 424 5069 et
432 5029 536 5066 acumen
546 5013 573 5064 in
580 5027 662 5064 rerum
673 5008 788 5077 similium
798 5009 980 5073 comparatione
987 5022 1060 5058 nemo
1071 5006 1199 5062 desideret.
1245 5056 1258 5076 ⁴.

230 5158 231 5165 ,
349 5095 445 5159 Tou.
468 5091 529 5152 111.
841 5086 860 5144 S
1207 5084 1306 5148 Enim.

1307 5238 1472 5352 fl
