3475 6234
596 875 686 955 AD
726 872 1012 962 LIBRUM
1060 872 1144 953 VII.
1287 880 1360 980 iii7

380 1071 445 1137 satit
457 1077 641 1149 mentionem,
661 1083 746 1137 &iiim
759 1082 803 1150 μὶν
816 1085 916 1137 πολλοῖς
927 1079 1064 1157 ὖπέςςωτο,
1074 1078 1120 1138 itai
1138 1080 1164 1139 iii
1176 1079 1263 1138 raim
1275 1079 1361 1151 ὅστις

380 1170 496 1250 redargu
510 1178 559 1229 ri'ir
572 1170 725 1243 lliepalwi·
737 1172 768 1228 oie
789 1170 814 1227 di
835 1173 903 1244 φασί
915 1195 987 1240 τινες,
1007 1171 1077 1248 segia
1099 1178 1186 1247 καςπῦ
1207 1172 1363 1239 Μοιημῦνα

378 1265 474 1339 wesin,
500 1261 678 1339 κιθαςόητος
703 1270 761 1321 ταῖς
780 1267 884 1340 agapitis
910 1266 987 1323 iiim.
1034 1263 1127 1320 Etiam
1153 1261 1212 1321 Dio
1232 1262 1261 1320 ln
1287 1262 1361 1320 Exco

382 1347 474 1414 Vales.
482 1374 511 1411 n.
524 1353 571 1411 1ss
584 1353 721 1432 τςαπέζασ
729 1354 921 1412 colubarium
933 1370 1062 1412 memorat
1074 1357 1088 1415 ii
1100 1358 1127 1411 iii
1137 1359 1184 1412 eiii
1193 1357 1362 1431 σκλπςοτίςωι

379 1450 458 1519 fug-'n
474 1451 520 1503 τῖ’
530 1446 615 1521 aigilo
629 1444 778 1522 (ignoravit
800 1443 859 1500 Diu
881 1458 928 1501 aut
948 1443 1053 1501 Tzetza
1065 1442 1156 1521 potius
1168 1443 1203 1499 ad
1217 1440 1359 1519 Lycophr.

385 1549 420 1590 ιι
424 1551 470 1607 32,
491 1533 562 1592 unde
585 1535 643 1591 liae
663 1553 680 1590 a
701 1532 810 1591 Valefio
829 1533 866 1591 ad
890 1532 1009 1591 Dionem
1031 1534 1142 1590 terratia
1161 1531 1235 1600 sunt,
1259 1548 1359 1609 panem

380 1619 472 1696 priscis
496 1621 655 1681 hominibus
680 1620 751 1679 nihil
777 1620 853 1679 aliud
876 1641 958 1699 quarn
982 1623 1128 1679 crustulum
1152 1634 1180 1678 et
1203 1620 1360 1698 placentam

378 1706 470 1780 sniffe3
498 1709 636 1788 ignoravit
660 1730 770 1789 quoque
789 1710 887 1768 Visior
907 1711 946 1770 Ο.
966 1710 1006 1768 G.
1034 1710 1070 1768 R.
1098 1715 1271 1787 inconsutili
1294 1709 1362 1787 quot

374 1798 532 1873 fflrascih,
553 1804 660 1878 crustam
681 1808 758 1856 etiam
778 1801 809 1857 de
819 1803 923 1876 sarreis
943 1802 1039 1875 meriste,
1060 1822 1123 1876 quas
1137 1803 1260 1875 sueram
1269 1802 1359 1874 setim

379 1886 499 1958 hibat,
510 1893 650 1968 ριγητλψ)
661 1904 690 1947 et
701 1886 842 1947 Domitius
850 1887 922 1967 apud
933 1889 1029 1946 Aurel.
1040 1887 1145 1947 Vistor.
1158 1889 1198 1948 Ο.
1212 1887 1252 1947 G.
1268 1887 1304 1947 R.
1319 1905 1355 1947 iz

381 1985 515 2057 mserum
526 1985 586 2036 vice
596 1981 715 2055 sumendi
723 1978 774 2037 cibi
778 1987 871 2057 gratia
882 1986 977 2056 apium,
989 1982 1058 2056 cujus
1070 1986 1183 2036 maxima
1195 1991 1251 2034 erat
1261 1975 1356 2035 ibidem

379 2076 455 2146 αμα,
468 2071 554 2150 stiffi
570 2068 737 2146 substratum,
750 2072 817 2148 quod
835 2074 911 2147 ipsum
928 2074 1055 2146 consumtis
1066 2068 1124 2126 asiis
1135 2066 1221 2126 eduliis
1233 2089 1270 2125 eor
1281 2087 1359 2126 corre·

378 2159 431 2236 affl
449 2176 506 2217 etc.
548 2157 736 2216 Diverlitatem
761 2156 924 2215 narrationis
948 2157 1006 2234 post
1031 2171 1074 2214 tot
1096 2157 1191 2214 harum
1215 2146 1305 2212 reium
1324 2152 1356 2210 in

380 2242 559 2323 superioribus
571 2247 696 2325 exempla
715 2265 769 2304 non
788 2246 872 2304 modo
891 2264 969 2322 aquo
989 2246 1081 2304 aniino
1103 2245 1173 2303 serie
1193 2242 1353 2311 didicimus,

379 2351 468 2395 reruni
491 2335 588 2405 etiam,
612 2336 681 2413 quid
706 2335 770 2394 inde
795 2334 931 2413 sequatur,
956 2337 1096 2412 quomodo
1121 2355 1138 2392 a
1159 2333 1281 2413 pluribus
1301 2334 1358 2392 tale

378 2441 565 2501 argumentum
579 2426 731 2494 traslatum,
746 2439 794 2482 aut
809 2425 940 2501 justatnni
954 2424 1042 2483 multo
1056 2423 1187 2491 sermone,
1199 2436 1357 2502 quantaque

379 2508 440 2572 iude
454 2520 546 2594 poeta
562 2536 651 2574 rerum
665 2515 744 2593 copia
762 2514 798 2572 ad
810 2532 921 2571 manum
931 2513 981 2571 effe
993 2513 1131 2582 debuerit,
1151 2513 1212 2572 satir
1223 2511 1354 2574 vidimus.

380 2599 456 2662 Hanc
469 2619 561 2663 tamen
574 2604 755 2663 diversitatem
776 2603 904 2660 narrandi
925 2602 1072 2661 admodum
1095 2604 1209 2662 miratur
1228 2601 1359 2680 Toupiua

380 2690 576 2756 inEmendatt.
590 2695 620 2753 iii
635 2694 746 2752 Suidain
771 2691 803 2752 P.
825 2693 851 2759 I,
875 2712 903 2770 p.
929 2699 975 2768 38.
995 2712 1043 2771 39,
1065 2713 1182 2771 cumque
1204 2693 1276 2750 inter
1298 2692 1361 2750 alia·

379 2783 558 2860 placentamni
569 2804 680 2863 genera,
702 2803 761 2860 quae
773 2781 878 2838 infinita
896 2782 968 2858 apud
988 2795 1090 2841 veteres
1109 2782 1180 2852 sunt,
1200 2782 1230 2839 in
1249 2785 1355 2843 otiliae
1411 2794 1415 2807 '

379 2870 521 2941 incidire,
533 2894 593 2953 quae
604 2876 702 2933 lunatae
714 2887 742 2931 et
761 2872 886 2943 μηιοιιδιῑς
897 2886 986 2940 erant,
1000 2885 1087 2931 totum
1099 2873 1135 2930 de
1146 2883 1203 2951 apio
1214 2890 1352 2932 commen·

379 2974 433 3022 lum
443 2981 524 3022 ortam
539 2963 651 3043 babnsse
669 2987 702 3022 ex
718 2978 833 3040 corrupta
845 2961 894 3018 illa
905 2961 1006 3020 serlione
1015 2964 1120 3039 hisorici
1129 2962 1235 3042 ali'cujus
1246 2972 1351 3030 veteris,

379 3058 448 3130 {uu
459 3053 585 3130 bonafide
592 3053 706 3112 exhibuit
717 3053 778 3118 Dio,
794 3048 924 3128 τραπέζας
935 3055 1062 3111 etiaim.
1102 3055 1182 3131 Atqui
1190 3056 1299 3128 scriptor
1309 3064 1321 3110 ι’
1337 3070 1361 3112 ι’

378 3141 497 3217 -pms
512 3142 586 3200 dibu
596 3143 698 3199 dederat
711 3140 840 3216 τραπέζας
854 3143 1003 3201 σεληναίαςτ
1023 3140 1156 3216 conjeslut
1169 3140 1307 3221 ingeniose
1323 3159 1353 3201 et

378 3225 458 3298 seim
476 3247 527 3287 nec
541 3245 631 3286 tamen
643 3248 715 3288 vere.
755 3229 823 3286 Sane
836 3230 946 3306 quidem
960 3231 1057 3307 plures.
1071 3229 1180 3287 Italicas
1203 3231 1351 3309 imprimit,

377 3313 476 3376 sabulai
489 3338 506 3376 a
518 3318 662 3376 verborum
680 3317 857 3375 similitudine
877 3319 970 3375 dutlas
988 3339 1068 3376 nemo
1088 3336 1175 3396 neget.
1217 3320 1282 3378 Hoc
1308 3321 1351 3400 ip·

377 3402 429 3464 sum
456 3407 493 3466 de
518 3407 614 3465 mentia
635 3406 757 3463 comestis
780 3407 938 3465 vaticinium
964 3409 1108 3466 uerborum
1132 3408 1191 3465 lusu
1215 3410 1350 3468 contineri

379 3493 452 3574 snpra
464 3498 599 3567 vidimus3
620 3510 648 3552 et
660 3494 776 3565 aliorum
790 3515 898 3571 quoque
916 3497 1077 3572 populorum
1088 3495 1197 3564 fabulae,
1213 3496 1242 3554 in
1254 3497 1351 3574 primia

379 3580 567 3649 Romanenses,
581 3604 597 3640 a
608 3585 748 3640 nominum
759 3583 934 3641 similitudine
946 3586 988 3640 vel
1007 3584 1083 3641 vario
1095 3584 1245 3661 significatu
1258 3587 1351 3662 petitu

378 3672 445 3742 sunt,
463 3673 580 3751 ingeniis
594 3672 733 3729 hominum
748 3672 892 3749 agrestibus
909 3687 936 3728 et
950 3672 1060 3730 incultis
1079 3672 1108 3730 in
1122 3673 1155 3728 iis
1169 3674 1270 3730 ferend
1292 3695 1351 3732 ma-

373 3764 431 3838 jora
450 3763 479 3822 se
491 3761 659 3821 acuentibus.
699 3762 740 3818 Ita
752 3764 787 3818 de
805 3761 938 3818 Melulina
958 3762 1077 3819 fabulam
1097 3761 1159 3819 satia
1171 3762 1350 3840 probabiliter

375 3851 537 3929 suspicantur
550 3848 690 3907 uiri'dotli
704 3869 793 3909 nutam
807 3849 856 3905 eise
867 3868 901 3904 ex
921 3848 1135 3925 aequivocatione
1147 3850 1222 3908 vocis
1233 3850 1351 3911 Celticae

374 3939 466 4007 Melas,
479 3960 540 4018 quae
547 3937 655 3996 suavem
666 3952 692 3995 et
701 3937 843 3994 amabilem
851 3952 940 4004 notat,
953 3953 979 3994 et
988 3938 1095 3994 alterius
1105 3938 1178 3995 vocis
1190 3956 1259 3998 meet
1268 3940 1350 4018 lusen,

372 4049 428 4106 quae
442 4027 530 4086 media
543 4027 584 4083 lui
598 4045 671 4102 parte
682 4026 827 4099 serpentem
840 4026 891 4083 else
907 4026 1048 4102 signifieat.
1089 4026 1136 4083 Ne
1148 4042 1236 4085 tamen
1256 4028 1345 4088 siiiiile

372 4118 437 4193 quid
451 4117 481 4174 in
494 4115 600 4192 Toiipii
612 4117 764 4191 conjesluri
778 4116 866 4172 locum
881 4115 989 4184 habeat,
1003 4116 1069 4174 sacit
1080 4116 1145 4183 hoc,
1159 4117 1232 4193 quod
1247 4129 1347 4180 σελῑναι

372 4203 442 4260 inter
466 4203 578 4281 pistoria
601 4222 682 4279 opera
702 4203 885 4279 exquisitioris
909 4204 973 4260 artis
999 4204 1118 4272 suerunt,
1141 4226 1201 4281 quae
1223 4207 1291 4264 adeo
1313 4209 1350 4266 ab
1438 4232 1441 4237 ’

374 4291 479 4351 horrida
505 4291 669 4368 antiquitate
693 4291 780 4349 aliena
803 4291 876 4359 sunt,
899 4312 959 4359 nec,
985 4295 1123 4371 quomodo
1144 4292 1285 4351 historicus
1310 4316 1351 4355 rea

372 4384 504 4459 Trojanas
527 4401 676 4459 exponent,
697 4400 760 4438 euni
773 4383 808 4440 de
831 4383 943 4460 panibus
963 4383 1109 4440 dicendum
1123 4383 1194 4448 eliet,
1214 4382 1351 4458 placentas

373 4473 478 4532 rarioris
488 4472 584 4531 surmae
594 4488 622 4530 et
634 4471 753 4529 nominis
773 4473 904 4547 subjicere
926 4474 1056 4550 potuerit,
1078 4472 1251 4549 intelligitur.
1291 4477 1351 4535 sal.

373 4579 427 4619 iem
451 4563 502 4621 hoc
527 4561 676 4619 dicendum
698 4577 765 4629 erat,
787 4561 864 4619 soille
886 4563 955 4620 forte
982 4578 1096 4620 veterem
1120 4560 1239 4637 aliquem
1265 4568 1349 4645 tragi.

372 4672 443 4722 euin,
470 4651 529 4732 qui,
554 4652 629 4730 quod
651 4658 744 4730 polite
769 4651 846 4721 licet,
873 4653 921 4714 ubi
944 4651 1048 4714 oraculi
1073 4649 1147 4709 illius
1173 4651 1350 4716 relevemus

1177 4740 1349 4818 meminisset,
