3475 6234
743 1256 896 1367 336
1057 1267 1144 1341 P.
1193 1262 1759 1341 VIRGILII
1830 1266 2421 1348 MARO.NIS

744 1467 945 1565 Qin
981 1468 1130 1565 ipsa
1152 1464 1442 1541 adrestis
1480 1465 1664 1562 (visu
1697 1438 2128 1561 miserabile)
2166 1473 2240 1547 in
2279 1475 2492 1550 hastis
2556 1474 2700 1579 465

743 1606 1139 1704 Praefigunt
1171 1604 1427 1700 capita,
1477 1620 1550 1676 et
1582 1603 1819 1677 multo
1851 1604 2164 1681 clamore
2185 1608 2590 1708 sequuntur,

744 1740 1040 1839 Euryali
1070 1760 1141 1813 et
1169 1738 1352 1813 Nifi.

747 1878 1087 1953 AEneadae
1120 1877 1279 1950 duri
1305 1898 1673 1949 murorum
1695 1874 1770 1948 in
1792 1893 1995 1970 parte
2031 1876 2304 1949 finistra

742 2012 1161 2111 opposuere
1183 2012 1412 2084 aciem
1447 2010 1649 2111 (nam
1680 2011 1972 2085 dextera
2003 2012 2322 2110 cingitur
2348 2012 2608 2102 amni),

741 2146 1203 2245 Ingentisque
1237 2165 1481 2218 tenent
1506 2144 1742 2235 fossas»,
1788 2165 1860 2219 et
1891 2148 2200 2221 turribus
2231 2149 2389 2219 altis
2559 2169 2711 2240 470

744 2286 948 2359 Stant
981 2282 1255 2360 maesti·:
1306 2283 1515 2356 fimul
1549 2307 1672 2356 ora
1698 2283 1936 2357 virum
1962 2286 2257 2381 praefixa
2292 2284 2706 2373 movebant,

743 2419 941 2495 Nota
971 2419 1185 2491 nimis
1218 2417 1512 2505 miseris»,
1558 2436 1854 2517 atroque
1887 2418 2173 2493 fluentia
2197 2419 2387 2494 tabo,

744 2557 1023 2632 Interea
1045 2556 1383 2654 pavidam
1414 2556 1717 2658 volitans
1749 2573 2057 2654 pennata
2078 2581 2207 2654 per
2235 2557 2490 2630 urbem

747 2694 1026 2774 Nuntia
1060 2693 1278 2766 Fama
1310 2692 1477 2780 ruit,
1532 2691 1914 2788 matrisque
1945 2691 2301 2764 adlabitur
2331 2692 2517 2762 auris

746 2829 1067 2925 Euryali.
1170 2829 1276 2901 At
1322 2826 1593 2902 subitus
1643 2825 1920 2900 miserae
1953 2825 2152 2908 calor
2198 2824 2339 2897 offa
2387 2825 2703 2923 reliquit.

748 3050 829 3098 que
842 3034 938 3102 suos
980 3036 1188 3098 variisque
1217 3043 1365 3081 acuunt
1387 3034 1619 3081 rumoribus
1640 3036 1745 3082 iras.
1817 3034 2039 3100 Qatuor
2069 3034 2436 3082 Burmannianis
2467 3031 2634 3099 copula
2655 3030 2708 3080 in

748 3113 956 3179 varirsque
976 3111 1118 3161 abest.
1183 3113 1395 3181 variosque
1416 3111 1506 3159 sec.
1532 3111 1763 3160 Rottend.
1832 3131 2011 3166 tumores
2034 3118 2126 3176 ροέ
2137 3127 2183 3159 ta
2208 3114 2348 3161 do&
2385 3128 2473 3176 pro
2507 3109 2710 3160 hortati·

751 3189 843 3242 but
869 3187 1036 3236 dixiffe
1076 3188 1281 3236 videtur.
1418 3186 1526 3246 ⁴⁶5·
1558 3188 1635 3252 s'pst
1651 3188 1779 3237 Ven.
1848 3189 2036 3234 mirabile
2074 3187 2217 3236 multi
2251 3189 2415 3237 Heius.
2458 3203 2515 3235 ex
2549 3201 2704 3236 more.

753 3264 994 3325 —4⁶7·
1026 3269 1109 3312 An
1125 3264 1216 3312 hoc
1238 3263 1591 3312 hemistichium
1624 3279 1681 3312 ex
1703 3263 2131 3329 interpretamento
2155 3265 2205 3312 in
2228 3264 2443 3328 margine
2473 3263 2712 3326 adscripto

746 3344 1005 3396 fubnatum
1024 3341 1042 3390 ἓ
1092 3342 1196 3408 [Sic
1222 3341 1377 3389 censet
1405 3341 1572 3389 anaor
1596 3340 1724 3400 libri,
1752 3341 1827 3390 cui
1850 3341 2034 3401 titulus,
2049 3345 2218 3391 Lem-es
2235 3343 2287 3391 de
2309 3344 2504 3408 quelques
2526 3342 2662 3410 Jufi
2677 3340 2710 3394 ἃ

1222 3418 1336 3475 468.
1370 3422 1413 3465 in
1429 3418 1554 3467 abest
1572 3421 1718 3468 Rom.
1749 3430 1798 3468 et
1812 3419 1938 3467 binis
1954 3420 2182 3468 Rottend.

751 3422 823 3472 M
825 3457 837 3469 .
860 3424 908 3469 V
901 3420 1090 3486 oleam]

2313 3420 2427 3482 469.
2453 3438 2548 3465 nan
2563 3422 2713 3467 dextra
