3475 6234
516 889 605 964 nu
640 884 920 962 uranum
960 890 1048 966 xu.
1207 913 1275 990 725

301 1090 373 1154 vises
383 1093 451 1161 sum,
462 1094 516 1154 alia
525 1094 561 1152 ad
573 1095 660 1153 satum
670 1091 807 1159 AEneidir,
826 1106 968 1173 tamquam
980 1093 1072 1173 operis
1086 1095 1182 1156 ultima
1192 1116 1278 1157 manu

299 1185 374 1244 haud
387 1184 514 1251 absoluti,
538 1184 630 1250 retuli,
653 1183 708 1242 alia
720 1180 834 1242 humaui
854 1184 960 1265 ingenii
973 1186 1157 1247 imbecillitati
1168 1187 1274 1248 condu-

300 1276 391 1337 naoda
403 1278 456 1337 esse
468 1274 538 1336 dixi.

340 1368 445 1427 Praeter
457 1368 515 1426 baec
533 1381 626 1425 tamen
643 1364 702 1423 sunt
715 1365 855 1434 nonnulla,
878 1384 940 1446 quae
960 1365 1060 1442 judicii
1077 1368 1199 1435 laudem,
1219 1391 1274 1449 qua

299 1458 421 1518 maxime
443 1457 591 1517 Maronem
613 1456 747 1516 excellere
769 1457 839 1535 saepe
857 1457 1036 1536 pronuntiavi
1060 1459 1132 1536 (vid.
1155 1462 1274 1540 Disquis.

299 1548 359 1623 ΙΙ),
378 1549 452 1609 hand
467 1568 563 1626 parum
583 1546 727 1606 obscurare
741 1545 881 1612 videntur,
899 1566 963 1606 cum
977 1547 1060 1607 modo
1080 1551 1276 1627 probabilitate

298 1639 491 1707 destituantur,
511 1638 595 1699 modo
609 1637 709 1697 rationi
722 1657 812 1695 rerum
822 1656 855 1696 ac
868 1653 1036 1713 temporum,
1062 1639 1187 1720 adeoque
1200 1643 1276 1703 veri.

299 1731 351 1789 tati
364 1729 504 1811 historicae,
518 1744 684 1808 repugnent.
723 1727 764 1786 Ut
774 1727 932 1806 diligentius
946 1747 980 1786 ea
991 1730 1176 1796 retraclarcm,
1187 1736 1276 1793 movit

301 1836 348 1877 me
364 1818 491 1898 inprimit
505 1818 579 1877 missa
593 1837 681 1893 nuper
693 1815 727 1873 ad
739 1836 783 1874 me
796 1816 850 1874 viri
868 1815 1031 1883 amicissimi,
1050 1817 1148 1892 Jacobr'
1160 1823 1276 1898 Bryant,

299 1922 380 1967 acute
389 1908 490 1986 scripta
499 1907 648 1967 dissertatio
660 1904 695 1962 de
704 1905 747 1963 his
761 1904 836 1983 ipsis,
849 1926 910 1985 quar
917 1905 1035 1965 AEneide
1044 1909 1116 1965 male
1129 1910 1277 1972 constituta

299 1996 370 2056 suut.
409 1995 553 2056 Subtiliter
564 1995 612 2054 ille
627 1992 805 2072 investigavit
818 2015 862 2064 ea,
882 1993 1019 2071 inquibus
1037 2011 1083 2054 aut
1098 1998 1178 2058 fidem
1192 2000 1275 2060 hislo-

297 2087 384 2147 ricam
395 2069 680 2166 autprobabilimtem
690 2082 835 2142 desideres.
876 2083 921 2142 nd
940 2085 998 2144 haec
1020 2084 1194 2161 potissimum,
1214 2105 1274 2150 tum

299 2177 336 2236 ad
348 2178 403 2237 alia
415 2179 536 2256 passima
547 2175 612 2235 viris
626 2173 713 2234 doctis
726 2174 924 2241 animadversa,
944 2172 1062 2254 respeclu
1073 2175 1168 2236 habito
1178 2199 1274 2239 recen-

298 2268 363 2326 sebo
383 2268 506 2348 potiora,
525 2287 558 2326 ac
578 2264 692 2330 videbo,
712 2265 778 2342 quid
793 2264 823 2322 in
837 2264 949 2342 lingulis
968 2279 1014 2325 aut
1027 2267 1211 2330 excusandum
1224 2284 1274 2330 aut

297 2356 559 2425 defendendumaut
573 2353 758 2415 damnandum
771 2354 860 2414 videri
873 2355 960 2434 pollit.

338 2451 493 2527 Antequam
516 2466 579 2505 vero
601 2445 636 2502 ad
656 2443 760 2521 singula
781 2443 952 2513 descendam,
973 2445 1104 2502 monenda
1123 2446 1184 2506 sunt
1203 2469 1273 2508 non-

300 2538 374 2596 nulla
386 2535 516 2599 universe.
536 2553 596 2611 qnae
608 2533 643 2589 ad
652 2529 789 2609 judicium
803 2529 876 2588 hisce
888 2531 922 2589 de
941 2531 1018 2590 rebus
1031 2532 1171 2595 serendum
1184 2536 1274 2600 facere

298 2625 413 2703 possunt.
453 2622 549 2683 bidem
566 2618 720 2680 historicam
742 2633 770 2675 ct
795 2618 1010 2695 probabilitatem
1032 2640 1119 2681 rerum
1139 2624 1174 2680 ad
1193 2625 1274 2687 fidem

298 2714 419 2774 liciarum
440 2732 494 2772 uon
507 2709 615 2790 prorsus
636 2707 733 2766 iisdem
754 2705 852 2765 linibus
873 2707 975 2776 teneri,
989 2727 1012 2765 a.
1026 2710 1117 2768 multia
1138 2715 1277 2781 monitum,

298 2798 354 2861 e'st:
374 2820 483 2861 creuere
503 2799 599 2866 multa,
623 2816 683 2875 quae
704 2793 922 2874 probabilitatem
944 2816 997 2854 non
1017 2796 1128 2869 babent;
1149 2802 1209 2860 sunt
1220 2807 1274 2865 alia

299 2888 461 2967 probabilia,
485 2907 545 2968 quae
557 2884 615 2964 ipso
635 2901 732 2944 eventu
752 2885 927 2962 comprobata
946 2907 999 2944 non
1019 2887 1089 2946 sunt.
1130 2891 1225 2962 Porro,
1244 2898 1274 2958 in

299 2977 490 3055 probabilitate
511 2972 671 3053 fingentium
693 2974 728 3030 ad
750 2971 954 3032 deletlationem
974 2993 1027 3033 non
1048 2991 1103 3034 tam
1126 2978 1156 3038 id
1177 2983 1274 3060 quaeri,

300 3091 366 3130 num
379 3071 447 3131 nihil
459 3068 585 3130 alicunde
597 3065 661 3125 clici
674 3065 761 3142 polit,
785 3063 858 3143 quod
873 3085 961 3125 rerum
977 3068 1102 3127 ordinem
1115 3087 1141 3129 ct
1162 3075 1274 3134 modum

301 3175 419 3230 evertam
441 3160 481 3220 ita
493 3157 566 3216 enim
579 3154 669 3214 omnia
693 3154 796 3212 sublata
820 3171 848 3210 et
868 3154 940 3213 ticlio
959 3172 1039 3215 etex
1058 3178 1090 3216 cu
1111 3161 1273 3225 deleciatio:

301 3267 393 3307 verum
418 3263 447 3306 ut
469 3247 539 3305 nihil
562 3243 606 3310 lit,
631 3240 704 3319 quod
726 3241 827 3319 legenti
848 3243 893 3300 vel
916 3245 1037 3305 audienti
1057 3248 1206 3323 succurrat,
1228 3269 1275 3314 aut

301 3333 440 3414 scriptoris
451 3333 521 3393 vitio
544 3330 703 3406 objiciatur,
722 3328 797 3408 quod
814 3329 958 3389 admonere
982 3336 1069 3413 posfit,
1091 3339 1213 3402 fraudem
1234 3343 1277 3402 hie

300 3421 410 3494 subesse,
428 3443 476 3483 uec
497 3423 563 3488 boc,
575 3439 630 3498 quo
647 3416 797 3497 expolitum
820 3437 889 3489 erat,
909 3423 991 3480 modo
1004 3444 1044 3483 res
1057 3443 1103 3485 aut
1123 3431 1205 3507 gestau
1225 3432 1277 3491 elie

300 3528 347 3572 aut
357 3514 417 3594 geri
433 3512 556 3595 potuiffe.
596 3508 714 3568 Nullum
726 3507 807 3567 sacile
819 3510 854 3567 est
867 3526 914 3568 aut
926 3513 975 3570 esse
988 3518 1070 3592 potest
1084 3519 1163 3578 ullius
1176 3521 1280 3599 operia„

300 3606 376 3680 quod
396 3602 535 3681 ingenium
546 3600 695 3656 humanum
708 3596 821 3675 peperit,
845 3596 970 3675 inprimis
981 3602 1051 3678 epici
1064 3607 1105 3661 vel
1118 3607 1276 3678 dramatici,

299 3707 486 3771 argumentum
514 3689 554 3746 ita
575 3700 769 3764 comparatum,
792 3684 857 3763 quin
881 3687 961 3745 insint
983 3693 1122 3763 nonnulla,
1146 3715 1205 3773 qua
1224 3718 1276 3760 nee

300 3781 407 3842 traslari
434 3782 501 3839 bene
527 3797 576 3836 nec
600 3775 703 3834 summa
729 3790 786 3832 arte
811 3777 925 3833 tractata
950 3779 1035 3838 nitere
1064 3781 1125 3841 satis
1159 3785 1274 3861 possunt.

301 3867 436 3927 Omittere
449 3867 495 3924 illa
508 3863 663 3922 tutissimum
674 3861 723 3931 est,
735 3876 793 3930 aut,
810 3862 829 3920 fi
842 3861 934 3920 omitti
954 3884 1097 3943 nequeunt,
1120 3871 1173 3930 levi
1193 3891 1275 3932 manu

301 3957 424 4024 trallare,
446 3969 493 4012 aut
518 3950 682 4011 omameutit
702 3969 824 4018 onerare,
844 3965 890 4007 aut
910 3972 1068 4033 quacunque
1089 3958 1142 4016 alia
1163 3959 1206 4017 via
1227 3961 1276 4020 ob-

300 4044 386 4102 linere
408 4044 456 4102 illa
476 4057 503 4100 et
524 4039 676 4100 obscurare.
716 4039 763 4097 Ad
783 4046 870 4118 poe'tae
889 4039 980 4118 itaque
999 4061 1081 4103 artem
1103 4047 1203 4124 speslat
1221 4051 1274 4109 hoc

301 4137 344 4193 vel
358 4132 487 4201 maxime,
501 4148 541 4202 ut,
553 4150 613 4209 quar
631 4146 783 4188 narrantem
803 4129 829 4187 se
848 4146 981 4208 premant,
992 4152 1025 4191 cx
1038 4135 1175 4214 adspetlu,
1187 4136 1273 4206 sensu,

299 4238 327 4282 et
342 4219 473 4280 memoria
484 4217 631 4299 legentium
652 4232 785 4274 removeat
806 4215 951 4295 seduloque
972 4237 1059 4290 curet,
1080 4243 1113 4281 ne
1135 4223 1176 4291 id,
1199 4226 1274 4304 quod

300 4309 453 4388 argumenti
475 4309 504 4366 in
527 4304 665 4365 nonnulli·
688 4303 759 4362 sorte
781 4301 931 4362 vacillantis
953 4325 1047 4366 natura
1068 4326 1096 4370 ct
1119 4314 1201 4382 ratio,
1227 4332 1275 4374 aut

301 4417 451 4476 temporum
465 4412 607 4472 rerumque
624 4391 765 4459 memoria,
786 4389 895 4469 ipsaque
915 4394 1085 4456 historiarum
1097 4399 1205 4464 veritas.
1228 4423 1273 4480 pa.

302 4506 361 4545 rum
373 4487 511 4545 commodi
524 4485 615 4551 babet,
635 4480 738 4542 sensum
751 4482 863 4559 legentis
884 4499 990 4560 repente
1010 4484 1131 4545 feriaret
1151 4491 1275 4569 volupia.

303 4592 385 4636 tatem
399 4575 560 4652 interpellet,
580 4592 634 4651 qua
645 4569 775 4630 delinitur
793 4568 863 4630 nibil
876 4587 964 4641 curat,
975 4571 1043 4632 nihil
1057 4573 1129 4632 adse
1141 4579 1274 4653 pertinere

1188 4683 1274 4744 putat,

1342 4916 1519 5042 Ox
