3475 6234
600 870 691 948 AD
731 866 996 946 LIBRUM
1037 866 1142 946 XII..
1287 892 1360 970 7¹³

375 1083 406 1136 et
417 1068 531 1148 Iunonis
543 1067 616 1129 odiis
634 1066 756 1129 universe
768 1062 904 1144 disputata
918 1064 978 1125 sunt
1004 1066 1140 1146 (Disquil'.
1154 1067 1168 1126 l
1180 1067 1200 1128 s.
1214 1066 1283 1126 vn.
1305 1066 1363 1126 Ex·

376 1159 449 1220 curs.
459 1158 491 1217 Ι·
504 1157 540 1216 ad
549 1158 612 1215 AEn.
626 1157 640 1214 1
652 1155 796 1234 paffimque
807 1157 837 1213 in
849 1154 944 1221 Notis,
964 1171 995 1216 ut
1007 1157 1041 1214 ad
1064 1158 1122 1226 lx,
1143 1160 1224 1229 802),
1243 1177 1274 1215 ea
1287 1156 1363 1217 illua

377 1262 494 1316 trentur,
513 1267 574 1325 quae
583 1242 613 1307 in
624 1245 652 1304 h.
662 1247 682 1305 1.
692 1260 889 1305 commentatur
901 1244 971 1312 sum,
990 1247 1077 1322 placet
1088 1246 1134 1305 hic
1143 1246 1192 1305 sub
1203 1267 1285 1305 unum
1295 1268 1363 1306 eon·

377 1336 495 1414 spartum
507 1335 652 1403 adducere,
671 1354 731 1411 quae
744 1333 869 1400 deorum,
888 1333 1059 1412 Junonisque
1071 1334 1208 1414 inprimis,
1228 1336 1257 1394 in
1276 1339 1363 1414 polle·

377 1426 497 1491 rioribus
510 1425 554 1485 sex
568 1423 646 1484 libris
666 1439 764 1501 partes,
784 1423 858 1500 quod
881 1423 1058 1483 ministerium
1074 1425 1172 1486 'fuerin
1215 1427 1364 1504 Apparebit

377 1516 529 1584 velabis,
549 1535 641 1574 verum
657 1516 708 1573 elle
726 1515 802 1591 quod
815 1514 960 1590 aliquoties
984 1516 1093 1585 monui,
1113 1517 1164 1575 lrac
1187 1517 1215 1574 in
1233 1519 1363 1581 carminis

376 1621 454 1683 parte
466 1607 548 1684 longe
560 1604 713 1664 inferiorem
726 1603 777 1659 elle
786 1600 930 1658 Matonem
939 1601 1077 1672 Homero,
1095 1603 1142 1661 cui
1152 1607 1263 1664 deorum
1278 1607 1362 1664 inter·

377 1709 474 1757 ventus
496 1715 550 1753 nan
564 1713 613 1772 pro
625 1693 756 1771 figmento
769 1690 929 1766 etjucundo
943 1692 1087 1749 mendacio
1108 1710 1183 1751 erat:
1216 1694 1261 1753 sed
1285 1715 1324 1753 res
1345 1716 1362 1755 ι

328 1813 332 1823 ·
378 1786 475 1864 priscis
484 1785 638 1845 hominibus
647 1782 751 1841 credita
760 1801 791 1838 ac
805 1781 918 1850 tradita,
939 1802 969 1839 ac
984 1802 1103 1841 veterum
1117 1801 1226 1844 ataturn
1246 1786 1364 1864 ingeniit

378 1893 412 1933 ae
422 1875 555 1933 mentibus
565 1875 603 1933 ita
612 1873 791 1952 frequentata,
811 1869 870 1949 ipso
884 1871 1013 1928 sermonis
1025 1873 1120 1949 genio,
1139 1873 1288 1934 carminum
1301 1897 1373 1955 per-h

378 1977 461 2043 petuo
471 1979 643 2043 argumento,
663 1960 848 2019 narrationum
868 1960 903 2017 ad
930 1959 1039 2020 solitum
1062 1965 1214 2040 exemplum
1229 1965 1362 2024 institua-

379 2073 441 2112 rum
455 2073 530 2112 more
542 2073 574 2110 ac
588 2049 792 2116 consuetudine,
812 2064 868 2107 tam
881 2048 1025 2107 familiaris
1043 2051 1124 2120 faeta,
1145 2068 1174 2111 ut
1193 2054 1294 2123 viuere,
1313 2075 1363 2113 au.

379 2141 453 2211 dire,
472 2144 538 2200 deos
554 2140 605 2199 stbi
618 2138 791 2199 videreturin
804 2138 901 2196 mediis
914 2139 991 2197 rebus
1008 2142 1119 2217 agendis
1132 2141 1270 2199 versantes.
1310 2143 1362 2217 Ju-

378 2251 428 2300 no,
447 2233 525 2308 cujus
534 2251 590 2290 arte
601 2245 629 2288 et
638 2229 753 2288 consilio
764 2228 848 2285 claffis
863 2227 1045 2306 Trojanorum
1057 2248 1074 2286 e
1087 2230 1182 2287 Sicilia
1196 2231 1301 2289 ltaliam
1316 2253 1363 2307 pe-

376 2337 437 2382 tens
449 2323 569 2400 primum
580 2323 615 2382 ad
629 2320 734 2391 Africae
746 2320 841 2377 littora
852 2321 1004 2398 tempestate
1016 2321 1104 2378 delata
1115 2321 1175 2393 (lib.
1190 2321 1214 2391 l,
1226 2342 1263 2396 34
1276 2322 1361 2399 t'qu,

378 2431 456 2480 mox,
475 2431 538 2471 cnm
561 2411 655 2468 frustra
676 2411 728 2468 hoc
754 2411 843 2467 adium
856 2411 929 2477 css'er,
949 2424 980 2468 ut
998 2408 1118 2468 Didonis
1137 2430 1228 2473 amore
1242 2410 1362 2467 irretitus

379 2499 478 2558 AEneas
490 2499 657 2577 Carthagine
681 2497 850 2564 retineretur,
870 2497 900 2554 in
925 2498 1021 2556 Sicilia
1042 2499 1180 2556 combusta
1193 2500 1279 2557 fuerat
1296 2498 1359 2574 (lib.

380 2587 421 2656 V,
434 2592 492 2662 604
505 2587 589 2666 sqqd,
609 2586 657 2643 ubi
672 2585 808 2661 Trojanos
818 2585 852 2642 ad
866 2585 939 2644 Latii
952 2587 1028 2645 littus
1037 2587 1164 2664 appulisse
1176 2587 1249 2645 videt
1264 2586 1359 2662 (VIII,

379 2681 437 2740 286
463 2678 547 2756 sqq),
586 2674 709 2742 nenibil,
741 2694 796 2751 quo
824 2675 878 2730 fata
916 2673 1024 2732 differre
1057 2681 1147 2733 latrem
1183 2676 1285 2741 liceret,
1317 2677 1361 2734 in·

369 2774 512 2827 'tartarum
526 2765 698 2843 relinqueret,
719 2784 799 2822 unam
819 2783 851 2820 ex
864 2762 952 2820 Furiis
964 2767 1065 2820 exedat
1078 2778 1105 2820 et
1126 2765 1236 2822 Latium
1255 2764 1361 2824 discor·

375 2855 432 2913 diis
444 2855 549 2920 miscet.
589 2854 665 2912 Dum
677 2854 776 2912 AEneas
788 2852 881 2911 absens
895 2850 1013 2909 Evandri
1025 2872 1052 2910 et
1066 2852 1239 2910 Etruscorum
1254 2853 1359 2911 auxilia

375 2944 526 3023 conquirit,
547 2941 690 3020 Venusque
710 2957 795 3001 mater
816 2941 842 2999 ei
861 2961 936 2998 arma
950 2941 1069 3000 Vulcani
1089 2959 1145 2998 atre
1166 2958 1239 3020 parat
1260 2941 1358 3016 (VIII,

377 3054 434 3114 370
443 3034 509 3110 sq),
528 3034 602 3107 Juno
627 3032 701 3090 Iride
723 3031 796 3089 milla
808 3032 935 3089 Turnum
956 3033 1070 3100 excitat,
1090 3049 1119 3089 ut
1137 3032 1222 3090 AEnea
1248 3034 1356 3091 abrente

376 3123 558 3200 Troianorum
572 3123 654 3179 castra
668 3122 710 3179 seu
726 3122 818 3178 urbem
832 3141 863 3178 ac
880 3120 1209 3200 nrunitionesupprtgrret3
1237 3123 1287 3181 lib.
1301 3123 1355 3192 lt,

379 3230 389 3269 1
402 3209 460 3290 sqq.
472 3211 545 3269 lnter
557 3212 626 3268 hanc
639 3211 868 3288 oppugnationem
884 3209 994 3267 Turnus
1008 3210 1034 3267 in
1049 3212 1129 3268 castra
1138 3215 1194 3288 jam
1204 3213 1353 3290 irruperat:
1403 3248 1406 3251 >

374 3321 439 3361 cum
455 3302 559 3378 Junoni
581 3323 628 3381 per
640 3301 741 3358 itidem
760 3320 776 3357 a
792 3301 861 3376 Jove
875 3299 976 3358 millam
990 3301 1170 3372 interdicitur,
1195 3323 1228 3360 ne
1245 3304 1354 3364 ulterius

373 3410 424 3471 pro
438 3393 533 3451 Turno
550 3391 695 3449 contendat
707 3403 735 3448 et
747 3389 775 3447 in
789 3409 879 3467 pugna
892 3389 1032 3447 allaboret.
1053 3390 1121 3447 ibid.
1136 3391 1191 3460 IX,
1206 3395 1259 3451 802
1274 3392 1333 3470 sqq.

416 3481 541 3540 Confilio
554 3479 659 3550 habito,
678 3478 784 3558 Jupiter
793 3480 847 3537 diis
858 3478 1014 3555 persuadere
1026 3479 1097 3544 vult,
1116 3493 1145 3535 ut
1157 3471 1267 3536 diffidiis
1278 3499 1355 3537 corrr-

375 3568 468 3646 politis
480 3569 551 3626 nihil
562 3571 632 3627 ultra
647 3569 825 3636 intercedant,
844 3585 900 3644 quo
922 3567 1009 3623 minus
1028 3567 1116 3623 fatalis
1140 3566 1213 3625 sedes
1228 3568 1256 3623 in
1275 3567 1355 3626 Italia

376 3659 471 3720 AEneae
483 3657 634 3736 contingat.
655 3656 705 3715 lib.
720 3658 762 3725 X,
786 3677 795 3715 r
814 3657 870 3734 sqq.
911 3655 1141 3734 Qandoquidcm
1168 3657 1279 3714 monitis
1299 3679 1358 3734 pre.

372 3743 502 3822 cibusque
515 3745 618 3802 nullum
631 3744 690 3806 dari
705 3745 795 3803 locum
809 3743 894 3807 videt,
914 3741 1064 3819 objurgatis
1075 3741 1193 3821 graviter
1205 3743 1258 3801 diis
1266 3745 1355 3803 decla-

374 3847 429 3901 rat,
448 3834 512 3890 latis
524 3833 550 3892 se
558 3834 650 3892 omnia
659 3834 710 3890 elle
717 3834 906 3911 permistorum
920 3853 946 3890 v.
966 3852 1017 3910 ¹05
1032 3831 1089 3908 sqq.

414 3923 476 3982 Nec
489 3939 575 3981 tamen
586 3924 640 3981 hoe
654 3923 692 3981 ita
701 3924 834 3982 observari
847 3922 936 3980 videas
947 3922 976 3980 in
988 3921 1057 3999 sqq„
1077 3922 1143 4000 quin
1156 3921 1272 3997 Jututna
1281 3926 1354 3985 Tur-

375 4034 441 4073 num
454 4015 564 4072 iratrem
579 4032 699 4084 moneat,
720 4032 750 4073 ut
776 4014 893 4072 Lausum
918 4013 1044 4071 Pallantis
1066 4014 1189 4072 manibus
1200 4015 1306 4094 eripiat.
1326 4040 1354 4086 v,

373 4107 443 4180 438.
482 4106 555 4181 Juno
567 4122 657 4163 autem
672 4105 727 4183 ipsa
735 4105 861 4162 Turnum
875 4103 947 4161 eluso
955 4102 1039 4160 AEnea
1053 4122 1149 4181 pugnae
1158 4104 1305 4166 subducat:
1327 4129 1356 4169 v.

375 4192 443 4249 606.
484 4191 679 4268 Contrajovis
702 4193 806 4250 monitu
821 4191 975 4250 Mezentius
1000 4191 1028 4248 in
1048 4212 1167 4270 pugnam
1190 4195 1309 4254 succedit
1329 4219 1356 4265 v,

373 4281 441 4356 689.
480 4279 555 4353 Juno
568 4283 602 4337 ad
613 4282 707 4338 carlum
720 4281 808 4338 statim
819 4279 933 4338 redierat
945 4281 982 4353 (ν.
995 4281 1031 4338 66
1035 4301 1061 4353 3.
1077 4281 1155 4355 664).
1180 4354 1183 4359 Ι
1195 4284 1267 4341 Nam
1281 4288 1357 4362 paul·

372 4381 402 4439 10
416 4371 472 4447 post
485 4389 516 4428 ea
537 4389 600 4428 eum
612 4370 717 4428 Venere
743 4371 813 4427 inter
835 4372 902 4427 deos
919 4386 1094 4436 memoratur,
1115 4370 1162 4447 qui
1185 4391 1219 4429 err
1231 4375 1354 4454 Olympo

372 4479 491 4540 pugnarn
502 4459 666 4537 prospeilant
680 4463 746 4538 758.
787 4460 878 4516 Etiam
893 4460 982 4517 Diana
991 4459 1076 4536 Opim
1087 4460 1172 4522 mittit
1183 4460 1354 4542 Nympham,

371 4564 404 4618 ut
416 4549 539 4608 Camillae
552 4565 665 4611 mortem
679 4549 822 4609 ulciscatur
833 4548 884 4609 lib.
899 4548 954 4615 XI,
976 4555 1138 4629 532-567.
1176 4551 1282 4613 Interea
1302 4554 1353 4628 Ju-

1282 4660 1354 4722 prrer
