3475 6234
513 856 602 948 'nu
643 838 1048 947 urunutt'xu.
1211 892 1279 971 723

307 1052 381 1157 kq„
406 1072 512 1156 etipse
535 1075 637 1134 AEneas
657 1076 737 1134 Iliad.
759 1103 780 1142 ι,
803 1079 867 1152 318.
891 1094 956 1152 344.
997 1075 1168 1132 Ornamenta
1185 1087 1280 1130 autem

307 1162 393 1236 Maro
414 1166 578 1245 conquisivit
604 1165 745 1241 ingeniose
764 1184 795 1222 ac
817 1163 976 1240 diligenter.
1027 1163 1167 1220 Amastum
1190 1161 1280 1221 edidit

308 1254 448 1330 Apollinis
472 1256 604 1334 lapidem.
644 1253 753 1312 Amatis
775 1253 847 1311 enim
873 1252 935 1308 ase
955 1251 1046 1328 pueris
1060 1268 1087 1310 et
1101 1252 1198 1328 puellis
1221 1251 1279 1310 suaa

307 1361 381 1423 artes
395 1345 464 1424 saepe
478 1363 525 1404 aut
538 1343 702 1423 promittunt
716 1360 763 1400 aut
775 1343 933 1420 largiuntur
945 1343 986 1400 dii
1000 1342 1072 1419 apud
1088 1345 1203 1420 p:·'e'tas;
1223 1363 1279 1402 nott
1372 1376 1378 1383 ·

307 1431 417 1508 insuave
429 1438 602 1515 figmentum,
617 1434 723 1511 quoties
734 1433 868 1490 excellere
882 1418 1001 1509 aliquem
1013 1433 1039 1490 in
1055 1447 1113 1490 arte
1127 1433 1173 1490 sua
1184 1434 1281 1494 dicere

306 1525 404 1599 uolunt
431 1532 540 1603 po'etae;
567 1541 616 1601 pro
632 1541 686 1599 quo
700 1520 758 1578 aliis
779 1518 846 1579 locis
868 1519 1034 1577 contendisse
1057 1541 1120 1579 eum
1141 1541 1203 1580 cum
1224 1523 1279 1580 deo

307 1613 402 1673 dicere
424 1614 518 1672 solent.
561 1610 630 1670 lllud
647 1630 713 1668 vero
726 1611 855 1684 praeclare
870 1609 885 1665 s
899 1611 982 1675 clum,
1004 1610 1091 1687 quod,
1114 1630 1177 1671 cum
1190 1614 1280 1672 caussa

307 1703 506 1781 optionis-esset
519 1701 707 1783 memoranda,
722 1719 772 1757 cur
785 1700 860 1776 Iapis
874 1716 962 1758 artem
974 1700 1111 1760 medicam
1124 1705 1281 1779 praetulisset

308 1791 414 1853 artibus
437 1792 603 1872 augurandi,
632 1791 738 1849 cithara
764 1789 880 1848 cauendi
900 1805 928 1847 et
951 1791 1102 1865 jaculandi,
1122 1794 1158 1852 ab
1182 1796 1280 1855 assessu

330 1883 420 1942 ieratis
433 1903 494 1941 eam
504 1883 587 1960 petiit
609 1884 713 1960 po'e‘ta:
747 1897 774 1937 ut
797 1883 898 1959 depoſsti
916 1888 1044 1958 proferret
1059 1890 1130 1958 ¹fata
1148 1893 1280 1960 parentis.

307 1903 355 2030 be
374 1978 450 2031 maris
462 1973 562 2031 arribus
581 1988 608 2031 et
627 1976 762 2036 medicina,
781 1989 852 2028 meaa
865 1989 934 2034 arte,
954 1973 1041 2029 multa
1050 1971 1184 2048 disputata
1198 1977 1258 2035 sunt
1268 2000 1280 2047 ς

306 2061 437 2139 pleraque
451 2077 550 2141 argute
564 2060 653 2140 magis
667 2080 750 2136 quam
761 2079 835 2117 vere.
876 2061 952 2118 Nam
963 2061 997 2119 sil
1008 2061 1096 2119 ntium
1108 2064 1281 2127 medicorum

307 2171 343 2209 ex
353 2151 533 2226 jurejurando
545 2148 726 2229 Hippocratis
740 2150 784 2205 vel
798 2169 833 2207 ex
846 2148 936 2224 adytis
948 2149 1146 2228 AEgyptitrum
1159 2155 1280 2216 alienum

307 2241 432 2319 prosetlo
450 2261 467 2298 a
487 2245 568 2317 poeta
579 2242 624 2297 est.
665 2241 734 2297 Erat
749 2238 841 2296 saltem
856 2258 940 2296 uuum
958 2239 1024 2297 illud
1039 2261 1073 2299 ex
1087 2242 1224 2304 Servianis
1237 2263 1280 2306 te·

307 2323 446 2388 nendur‘n:
467 2350 538 2390 artes
559 2348 641 2388 miens
661 2330 711 2386 elle
732 2329 838 2387 muficae
852 2331 1077 2406 comparatione:
1100 2352 1154 2393 non
1172 2339 1280 2398 vocales

307 2435 337 2478 et
351 2438 475 2478 canoras.
515 2421 600 2500 Qrod
614 2420 740 2498 sequutus
761 2439 871 2497 quoque
885 2423 921 2476 est
943 2436 970 2477 et
994 2420 1135 2480 illustravit
1148 2426 1279 2489 Gronov.

308 2508 344 2566 ad
359 2509 441 2568 Statii
454 2510 547 2569 Theb.
561 2513 615 2576 lV,
634 2517 684 2588 183
697 2533 706 2577 ;
727 2530 814 2587 neque
828 2509 976 2586 quicquam
996 2512 1044 2575 est,
1067 2514 1138 2590 quod
1160 2537 1223 2576 cum
1235 2523 1279 2580 10.

308 2598 412 2676 queudi
434 2599 480 2658 usu
494 2600 583 2679 magis
596 2599 753 2660 conveniat.
795 2598 928 2656 Desilero
948 2614 1040 2657 tamen
1053 2602 1116 2669 hoe,
1143 2607 1216 2681 quod
1243 2610 1279 2668 ste

307 2706 385 2764 mre
397 2707 467 2748 artes
488 2706 593 2749 tantum
607 2691 654 2749 uni
668 2690 804 2748 extribus
817 2688 932 2755 artibus,
958 2709 1023 2767 quas
1035 2697 1178 2754 contemsit
1192 2700 1279 2777 sapie,

308 2778 485 2861 respondent,
510 2780 613 2839 scilicet
639 2779 757 2837 mustcae.
797 2777 946 2853 Adjettum
969 2779 1036 2837 illud
1055 2783 1176 2858 inglorius
1199 2790 1279 2847 vide.

308 2869 390 2931 batur
410 2872 478 2930 milti
501 2873 592 2950 potius
615 2871 756 2929 notionem
785 2878 817 2928 τᾶ
846 2886 927 2928 murus
949 2872 1120 2941 constituere,
1150 2893 1180 2934 ut
1202 2900 1280 2940 muta

307 2979 378 3039 artes
391 2960 504 3020 sollenni
519 2962 606 3038 ligura
620 2980 674 3018 non
686 2960 747 3024 stnt,
760 2979 821 3037 quat
841 2959 928 3024 silent,
952 2958 995 3016 sed
1015 2982 1076 3037 qute
1095 2965 1214 3034 silentur,
1235 2970 1280 3028 vel

308 3051 427 3117 faciunt,
447 3066 476 3109 ut
486 3051 517 3116 ii,
539 3050 584 3127 qui
596 3069 640 3107 eas
650 3050 754 3114 colunt,
768 3049 912 3106 sileantur:
934 3069 978 3108 ars
992 3052 1093 3108 nullam
1112 3056 1214 3115 sarnam
1228 3060 1280 3117 da-

308 3156 382 3209 tura,
402 3142 437 3199 de
456 3161 510 3219 qua
531 3140 643 3219 silebunt
662 3139 809 3197 homines:
828 3138 955 3215 inprimis
968 3162 1003 3199 ex
1016 3142 1100 3208 illius,
1127 3166 1181 3223 qno
1195 3155 1280 3225 poeta

308 3230 434 3296 vivebat,
458 3227 547 3288 saculi
573 3229 714 3308 opinione,
741 3248 803 3287 cum
826 3230 991 3289 medicinam
1015 3246 1119 3290 tantum
1140 3238 1208 3295 servi
1234 3241 1279 3300 vel

308 3312 444 3382 libentiae
456 3322 551 3380 Graeci
562 3335 724 3381 exercerent
737 3343 745 3386 ς
759 3339 822 3378 cum
834 3336 930 3379 contra
940 3322 1127 3384 celebritatem
1137 3347 1164 3386 et
1176 3330 1286 3409 famam

308 3412 382 3471 inter
407 3411 530 3468 hominen
553 3410 656 3468 daturae
684 3409 792 3467 fuissent
816 3427 888 3468 artes
907 3414 1070 3489 augurandi,
1096 3416 1237 3490 jaculandi
1251 3438 1280 3483 et

308 3504 416 3562 cithara
441 3502 569 3561 canendi.
619 3491 696 3577 Qrid
718 3501 841 3558 enimin
866 3503 978 3562 heroum
1004 3507 1062 3564 vita
1084 3510 1210 3572 illustrius
1236 3517 1279 3574 hie

309 3593 432 3651 artibus?
469 3594 553 3650 Porro
568 3592 710 3668 antiquum
725 3609 828 3647 morem
844 3594 926 3665 po'e'ta
939 3595 1033 3651 retulit
1051 3594 1081 3653 in
1093 3599 1194 3659 amictu
1209 3625 1216 3659 :
1237 3626 1279 3661 re.

308 3699 376 3741 torro
385 3688 524 3754 fanassus
537 3689 652 3740 amida.-
674 3679 775 3737 medici
789 3680 862 3737 enim
874 3682 933 3740 sere
943 3683 1061 3759 palliati,
1075 3687 1160 3745 etiam
1171 3693 1279 3760 Romae,

310 3768 533 3851 quandoquidem
545 3769 641 3829 Graeci
656 3771 713 3827 sere
724 3789 801 3826 erant
812 3790 924 3847 genere.
965 3772 1073 3832 Obvius
1088 3796 1197 3854 quoque
1205 3780 1279 3840 idem

308 3858 461 3936 AEsculapii
475 3859 582 3919 habitus
595 3860 623 3918 in
641 3878 764 3922 veterum
784 3860 866 3938 signis
880 3877 908 3919 et
928 3864 1025 3921 numia.
1068 3867 1150 3943 Quod
1164 3871 1279 3945 pallium

309 3965 452 4026 retorquet
464 3967 491 4008 et
502 3950 647 4027 succingit,
658 3949 843 4028 chirurgicum
853 3972 965 4028 operam
977 3970 1004 4012 et
1014 3955 1098 4032 ipsum
1110 3960 1213 4036 arguit,
1225 3979 1280 4020 non

309 4038 466 4106 medicam
487 4041 534 4097 etsi
547 4040 673 4098 omnibus
686 4041 796 4098 omnino
806 4041 881 4099 idem
894 4061 952 4102 erat
965 4045 1131 4115 faciendum,
1145 4051 1194 4127 qui
1207 4052 1232 4109 se
1242 4054 1279 4111 ad

310 4128 486 4191 ministerium
500 4132 544 4188 vel
558 4151 625 4207 opus
639 4131 831 4207 accingebant.

349 4218 522 4294 Ingeniolum
534 4219 641 4295 prorsus
652 4220 687 4274 est
697 4233 884 4276 commentum
892 4220 926 4277 de
936 4224 1072 4291 dictamno,
1083 4228 1158 4302 cujus
1169 4228 1279 4294 succum

309 4323 371 4365 cum
382 4307 515 4364 ambrosia
529 4323 556 4362 et
571 4327 691 4384 panacea
703 4312 773 4367 clam
793 4309 924 4368 admiscet
938 4314 1032 4371 Venus
1044 4334 1134 4392 aquae·
1152 4338 1206 4395 qua
1217 4326 1280 4382 vul-

309 4418 360 4456 nus
373 4397 467 4453 AEneae
480 4397 600 4453 fovetur.
641 4397 784 4455 Substituit
795 4401 877 4473 polita
892 4399 1060 4460 dictamnum
1084 4413 1116 4481 τῇ
1129 4416 1209 4484 niuea?
1227 4413 1280 4489 ῥῖζη

310 4487 384 4562 apud
394 4483 548 4542 Homerum
562 4483 641 4542 Iliad.
655 4502 684 4550 λ,
708 4492 775 4563 845,
795 4507 849 4562 qua
870 4488 1012 4546 Patroclus
1028 4477 1283 4572 Eurypylivulneri

310 4575 445 4641 medetur,
466 4595 603 4652 quamque
625 4584 785 4653 gentianam,
810 4577 876 4634 olim
901 4578 1065 4640 Chironium
1091 4583 1204 4651 didam,
1229 4591 1281 4646 elle

809 4665 868 4722 ΖΞ
891 4685 905 4722 2
1188 4667 1282 4739 doc'uit

1357 4910 1521 5040 fl
