3475 6234
601 876 1085 961 romanorun.
1261 914 1359 992 495.
1455 888 1457 895 *

605 1113 1069 1198 excussus1n

599 1342 602 1346 ι
657 1294 714 1365 De
737 1293 878 1389 Amyclis
900 1296 1022 1366 tacitis.

388 1449 454 1510 Lib.
477 1451 515 1517 Χ,
539 1448 597 1531 5⁶4
615 1454 704 1507 tacitis
727 1453 855 1526 regnavit
867 1431 988 1524 Amyih‘s.
1030 1447 1089 1506 Cur
1102 1453 1200 1508 raritas
1211 1450 1331 1528 Amyclas

345 1541 465 1606 dixerit,
486 1539 565 1598 varia
578 1552 738 1598 commenta
759 1538 840 1596 affert
858 1537 983 1603 Servius,
1007 1536 1057 1596 vix
1075 1537 1162 1618 digna
1175 1559 1237 1618 qua
1249 1562 1330 1622 repe·

346 1646 452 1691 tantur.
493 1631 563 1707 Qae
575 1627 756 1707 probabiliter
769 1625 826 1684 dici
836 1627 945 1703 pollint,
958 1627 1018 1685 haec
1029 1627 1081 1684 esse
1092 1627 1229 1690 arbitror:
1250 1633 1331 1695 Loca

302 1785 306 1803 ἱ
347 1719 471 1779 Lucilii:
492 1719 566 1776 Mihi
579 1719 664 1794 neceffe
674 1721 719 1794 est,
731 1715 818 1793 loqui:
837 1738 896 1773 nam
905 1719 962 1790 scio
975 1716 1094 1795 Amyclas
1107 1723 1210 1778 tacendo
1216 1726 1330 1800 perirffl,
1370 1789 1373 1799 .

348 1810 410 1868 Silii
425 1809 513 1876 VIII,
535 1827 591 1888 5²9
604 1826 633 1866 et
648 1805 783 1884 Pervigil.
798 1805 872 1863 Ven.
887 1805 935 1864 sub
948 1805 969 1863 s.
985 1805 1048 1865 satis
1067 1807 1182 1876 docent,
1202 1811 1237 1868 ad
1249 1811 1329 1874 illam

347 1900 537 1958 narrationem
560 1901 674 1976 poetam
692 1894 847 1975 respexisse,
873 1915 939 1975 qua,
961 1909 983 1934 “
998 1916 1062 1955 cum
1080 1898 1240 1976 frequenter
1261 1901 1329 1965 falso
1371 1921 1372 1925 ’

344 2001 368 2029 ⁴‘
382 1990 574 2047 nuntiarentur
586 1987 685 2052 hostes,
706 2000 735 2043 et
748 1983 823 2043 inani
837 2000 945 2043 terrore
958 1984 1058 2043 civitas
1072 1988 1252 2063 quassaretur,
1269 1984 1328 2053 lata

346 2092 370 2118 t‘
385 2080 448 2159 lege
462 2093 576 2136 cantum
588 2077 643 2134 est:
664 2073 772 2151 nequis
790 2092 912 2150 unquam
922 2073 1004 2133 hostis
1015 2076 1155 2136 nuntiaret
1164 2077 1327 2142 adventum.

345 2182 369 2211 ·‘
385 2172 479 2230 Postea
492 2189 557 2227 cum
571 2187 637 2226 vere
651 2163 734 2225 hostis
748 2164 869 2233 veniret,
881 2166 957 2225 nullo
968 2165 1121 2234 nuntiante,
1132 2167 1327 2248 exinproviso

344 2261 481 2320 “civitas
506 2275 589 2337 capta
614 2259 673 2316 eli:
708 2257 783 2314 unde
801 2262 893 2315 tacirae
915 2255 1027 2332 Annclae
1047 2257 1127 2316 dicias
1148 2259 1219 2328 sunt,
1249 2264 1327 2341 quod

345 2353 491 2429 “periere
510 2349 623 2408 silentio.
633 2350 653 2377 ’⁹
706 2349 793 2406 uene
807 2348 866 2406 haec
888 2347 924 2404 ab
942 2348 1043 2425 Aspro,
1066 2368 1131 2407 narn
1149 2350 1173 2410 is
1195 2355 1291 2415 audior
1305 2377 1326 2420 a

348 2443 425 2520 Julio
440 2441 542 2499 Sabino
555 2439 693 2518 proditur,
707 2437 810 2496 tradita
823 2437 964 2506 videntur,
981 2437 1026 2497 sed
1041 2439 1107 2499 falso
1125 2441 1158 2499 ad
1172 2443 1222 2502 has
1236 2447 1328 2510 Auso.

346 2552 414 2592 uum
433 2533 568 2610 Amyclas
589 2544 732 2595 revocata,
751 2548 814 2606 quae
836 2548 853 2586 a
870 2529 1041 2606 serpentibus
1058 2529 1157 2591 deleta
1172 2533 1270 2606 fuere3
1291 2555 1322 2599 v.

346 2625 454 2683 Notam
467 2646 474 2681 :
498 2642 564 2681 curn
578 2641 612 2678 ea
625 2620 661 2678 ad
676 2621 808 2698 Amyclas
824 2619 971 2678 Laconicae
980 2620 1143 2697 spectarent,
1154 2643 1221 2701 quas
1233 2647 1250 2684 a
1262 2627 1326 2688 Do·

344 2714 477 2773 aiensibus
485 2713 592 2771 deletas
606 2711 670 2777 esse,
684 2709 828 2788 proditum
838 2710 1000 2786 reperimus.
1035 2710 1125 2780 Nam,
1138 2713 1327 2792 Peloponneso

344 2804 552 2865 aDoriensrbus
566 2818 594 2859 et
607 2800 765 2860 Heraclidis
775 2816 925 2878 occupata,
938 2799 1044 2878 oppida
1054 2800 1162 2879 aliquot
1176 2805 1326 2869 Laconica

344 2919 395 2977 per
404 2896 539 2953 ducentos
548 2893 638 2951 adhuc
652 2910 738 2949 annos
752 2905 898 2948 tenuerant
913 2889 1021 2955 Achai,
1035 2889 1134 2960 donec,
1148 2896 1241 2970 paullo
1259 2914 1326 2959 ante

344 2988 448 3045 bellurn
463 2982 627 3042 Meffenium
645 2981 778 3060 primurn,
792 2980 866 3061 regis
880 2979 990 3038 Telecli
1005 2979 1100 3049 dnus,
1117 2984 1265 3045 Dorienses
1278 2989 1326 3051 seu

233 3122 254 3155 .·
345 3075 551 3137 Lacedaemonii
571 3095 605 3134 ca
625 3074 689 3133 loca
710 3088 873 3151 expugnata
895 3072 952 3132 solo
975 3089 1126 3150 aequarnnt.
1166 3075 1245 3136 Inter
1262 3102 1327 3159 quas

345 3169 424 3228 fuere
439 3167 575 3245 Amyclae,
600 3186 661 3243 quae
672 3164 777 3223 acriter
787 3164 956 3231 restiterunt,
976 3184 1027 3224 nec
1042 3165 1088 3223 nist
1108 3167 1174 3225 belli
1187 3168 1324 3232 diuturni·
1427 3193 1429 3199 '

343 3274 403 3319 tate
421 3257 522 3317 attritas
544 3256 726 3315 inditionem
747 3257 890 3314 cesserunt.
931 3257 1085 3334 Tropaeum
1099 3258 1135 3316 de
1155 3259 1188 3317 iis
1203 3264 1326 3323 erectum

341 3371 396 3430 pro
419 3363 587 3429 argumento
606 3348 718 3407 virtutis
738 3367 846 3415 eorum,
880 3345 927 3424 qui
948 3346 1127 3416 vitti'erant,
1153 3350 1324 3412 habebatur:

343 3444 460 3512 Pausan.
475 3440 531 3508 111,
546 3460 575 3508 2,
589 3462 618 3519 p.
635 3444 690 3498 208
705 3454 734 3498 et
747 3458 773 3497 c.
791 3458 838 3505 12,
852 3458 881 3517 p.
903 3459 972 3517 ²37·
1013 3441 1140 3516 Amyclae
1152 3444 1250 3501 eversae
1268 3445 1326 3504 vici

342 3536 463 3593 formam
489 3552 540 3610 per
563 3532 649 3590 multa
674 3543 804 3608 tempora
829 3529 997 3596 habuerunt,
1025 3530 1107 3588 clarae
1128 3532 1255 3610 inprimis
1277 3534 1326 3593 dei

346 3621 483 3701 Amyclai
495 3620 602 3698 templo
612 3636 640 3677 et
649 3620 760 3678 throno.
781 3639 810 3678 v.
831 3617 901 3678 ibid.
915 3616 970 3685 ΙΙΙ,
998 3634 1072 3697 19et
1088 3623 1135 3686 18,
1155 3621 1191 3679 de
1203 3644 1259 3702 quo
1268 3623 1325 3684 dis.

341 3730 468 3790 putatum
482 3713 519 3769 est
532 3730 549 3768 a
562 3710 641 3769 nobis
654 3709 684 3767 in
698 3711 839 3788 Antiquar.
850 3707 985 3766 Abbandl.
999 3709 1019 3763 I
1030 3710 1118 3768 Stiick.
1157 3712 1205 3770 De
1213 3734 1324 3794 expug.

341 3803 452 3864 natione
472 3802 521 3859 illa
540 3802 723 3877 Amyclarum
743 3798 867 3878 apriscis
881 3798 1057 3877 scriptoribus
1070 3801 1151 3878 plura
1170 3803 1246 3861 fuiffe
1259 3823 1324 3865 uar-

340 3910 412 3961 rata,
425 3910 485 3952 tum
499 3912 534 3951 ex
549 3891 695 3959 Pausania,
709 3906 769 3950 tum
782 3912 819 3951 ex
834 3891 949 3950 Pindari
962 3890 1031 3949 locis
1049 3893 1145 3950 Isthm.
1159 3895 1231 3962 Vll,
1248 3898 1324 3954 18-

340 4004 390 4045 22.
414 3984 498 4061 Pyth.
519 3984 546 4049 1,
573 4001 640 4060 124.
665 4000 730 4062 ης.
758 3983 811 4042 126
832 3996 928 4061 patet:
956 3980 1027 4038 unde
1047 3981 1223 4061 intelligitur,
1247 3985 1325 4045 fuill'e

339 4072 522 4153 AEgidarum,
534 4090 596 4149 quae
607 4073 712 4150 Spartae
723 4073 811 4131 tribus
831 4087 893 4131 erat
906 4071 1015 4132 Thebis
1028 4071 1156 4140 oriunda,
1170 4077 1323 4156 precipuae

339 4165 369 4223 in
388 4184 423 4222 eo
434 4165 509 4223 bello
525 4179 617 4240 partes
636 4163 823 4242 Amyclalque
839 4163 894 4222 illis
911 4161 1077 4221 habitandas
1097 4163 1149 4222 elie
1166 4165 1324 4244 asignatas.

339 4253 371 4312 Si
388 4269 513 4312 veterem
531 4267 780 4312 commentatorem
798 4253 826 4310 in
844 4252 929 4329 Pyth.
949 4251 990 4318 V,
1010 4251 1048 4332 96
1062 4269 1093 4310 et
1109 4269 1157 4311 tot
1175 4266 1204 4310 et
1224 4252 1323 4314 Isthm.

338 4346 411 4411 Vll,
429 4348 463 4402 18
477 4342 660 4420 integriorem
674 4343 850 4409 haberemus,
868 4344 950 4420 plura
963 4361 999 4399 ex
1013 4342 1127 4419 Ephoro
1135 4358 1164 4400 et
1177 4342 1323 4403 Aristotele

337 4434 374 4493 de
387 4434 442 4492 hoc
456 4433 530 4491 bello
543 4448 719 4491 teneremus.
751 4433 779 4489 A
803 4432 939 4491 Strabone
958 4431 1009 4490 lib.
1034 4432 1122 4497 Vlll,
1146 4452 1175 4508 p.
1204 4432 1262 4511 560
1283 4437 1322 4500 C.

339 4525 394 4604 561
412 4524 452 4582 D.
472 4544 509 4582 ex
523 4524 639 4600 Ephoro
661 4522 750 4599 (conf.
766 4519 874 4580 Meurs.
889 4521 973 4580 Misc.
988 4520 1058 4579 Lac.
1070 4520 1123 4586 IV,
1139 4524 1186 4599 3),
1196 4522 1323 4601 Amyclae

337 4616 375 4674 ab
395 4613 555 4674 Heraclidis
578 4612 754 4678 Philonomo,
774 4612 823 4690 qui
846 4611 1075 4672 Lacedaemonem
1096 4611 1129 4670 iis
1148 4611 1323 4690 prodiderat,

336 4705 653 4774 concertationum
674 4704 773 4764 tivera
785 4703 858 4772 sunt,
876 4722 939 4783 quae
958 4702 1059 4762 Conon
1072 4703 1188 4763 Narrat.
1214 4705 1251 4782 36
1270 4724 1323 4784 ap·

612 4812 629 4874 5
977 4787 980 4794 ’
1221 4793 1324 4874 posuit,
