3475 6234
621 1792 916 1855 uxcunsus
948 1793 974 1854 1.
1061 1866 1071 1883 ,

309 1932 415 2028 Super
428 1933 574 2025 temporis
576 1929 699 2028 spatio,
723 1930 757 1997 in
773 1926 912 2022 quodsex
923 1926 1123 2020 posteriorum
1138 1921 1288 1997 AEneicsr's

437 2042 597 2150 'librorum
615 2064 665 2109 res
675 2036 769 2134 gestae
783 2063 804 2106 a
815 2042 908 2132 potia
920 2037 1142 2131 dffiuescuulur.

313 2177 493 2296 Limxll,
510 2250 539 2288 rr
547 2250 561 2304 3
575 2231 675 2306 Postera
686 2233 855 2302 vixsummos.
888 2225 975 2284 Erunt
988 2225 1068 2294 sorte,
1088 2224 1135 2302 qui
1148 2224 1194 2283 vix
1208 2223 1288 2280 fidem

311 2314 428 2374 habeant
440 2316 508 2374 mihi
520 2317 675 2385 affirmanti,
694 2335 841 2394 paucorum
861 2314 968 2373 dierum
990 2318 1047 2373 acia
1059 2315 1103 2371 sex
1118 2313 1290 2391 posteriorum

312 2403 437 2463 AEneidis
446 2405 577 2462 librorum
591 2419 777 2482 argumentum
791 2403 907 2480 explere.
948 2404 989 2460 lta
1003 2420 1089 2458 tamen
1104 2422 1143 2459 res
1156 2400 1289 2457 sehabet:

312 2495 435 2551 nondum
447 2493 550 2570 viginti
562 2494 620 2552 dien
632 2493 724 2552 exiisse
736 2492 831 2552 doceri
845 2494 938 2570 potest,
959 2513 1020 2550 cnm
1035 2490 1123 2549 Turni
1138 2490 1209 2547 caede
1221 2490 1292 2545 sacia

312 2582 474 2657 totaAEneis
486 2581 642 2642 absolvitur.
681 2583 737 2639 Sub
757 2582 850 2638 aestatis
870 2580 972 2638 exitum
999 2580 1110 2637 AEneam
1130 2579 1164 2635 ad
1183 2576 1292 2633 ltaliam

310 2672 419 2731 classem
431 2691 465 2729 ex
477 2686 565 2731 tuente
577 2680 662 2751 poetae
678 2672 811 2749 appellere
824 2672 902 2748 supra
914 2669 1057 2727 docuimus
1069 2671 1106 2729 T.
1122 2667 1161 2735 11,
1181 2688 1209 2745 p.
1223 2669 1290 2740 428.

313 2761 423 2839 Ingreffi
437 2760 547 2818 Tiberis
568 2762 632 2819 ostia
647 2760 762 2836 Trojani
784 2759 929 2818 escendunt
952 2758 980 2817 in
1001 2761 1093 2817 littore
1115 2776 1220 2816 coenam
1247 2775 1292 2813 ca-

315 2849 394 2928 piunt
406 2849 455 2908 lib.
467 2848 535 2917 Vll,
552 2869 714 2927 107-147.
753 2849 850 2905 Altero
870 2847 916 2906 die
937 2850 1075 2926 explorant
1088 2862 1178 2905 terras.
1218 2842 1292 2904 Missi

316 2940 401 3019 legati
423 2942 458 2998 ad
481 2939 607 2997 Latinum
622 2940 694 2997 sallo
707 2939 810 2997 soedere
823 2941 953 3018 pactoque
976 2941 1067 2999 AEuere
1089 2959 1151 2996 cum
1178 2935 1294 2995 Lavinia

315 3030 446 3108 conjugio
460 3029 572 3087 redeunt
591 3028 620 3108 in
639 3029 731 3095 castra,
751 3048 811 3105 quae
829 3029 932 3086 interea
952 3029 1016 3086 folla
1037 3040 1064 3085 et
1089 3028 1160 3084 vallo
1172 3028 1294 3084 cinxerat

317 3116 461 3193 Trojanus.
481 3119 684 3193 v.148-285.
722 3115 790 3172 Inde
803 3115 919 3188 Jnuonis
938 3116 1004 3173 odia
1025 3131 1052 3173 et
1072 3115 1177 3173 fraudes
1191 3118 1224 3172 ad
1236 3131 1293 3173 tur-

317 3204 420 3263 bandas
433 3204 507 3262 Latii
522 3223 579 3260 ret:
614 3209 670 3264 286
685 3203 742 3281 sqq.
781 3203 872 3261 Turni
896 3205 1014 3264 animum
1035 3225 1082 3284 per
1107 3205 1229 3263 somnum
1253 3214 1291 3279 (v.

317 3302 385 3372 414)
403 3296 459 3373 ipsa
476 3295 573 3351 Aledio
599 3292 639 3349 ira
661 3309 687 3350 et
712 3294 802 3351 surore
827 3295 958 3353 incendit.
998 3295 1095 3350 'lertio
1116 3293 1160 3350 dic
1173 3294 1294 3352 seruntur

318 3388 409 3443 eauffa
421 3385 487 3441 belli
499 3383 570 3440 inter
581 3383 717 3458 Trojanos
729 3397 756 3440 et
770 3382 902 3441 Latinos:
924 3383 1032 3441 Turnus
1055 3383 1217 3441 Laurentum
1231 3402 1293 3461 pro.

316 3474 400 3531 fedius
415 3488 490 3550 parat
507 3490 592 3538 arma,
611 3470 695 3528 edicit
709 3470 821 3540 bellum,
840 3473 942 3530 auxilia
960 3473 1077 3553 colligit.
1119 3473 1200 3530 Recte
1220 3495 1292 3532 nunc

317 3563 351 3620 ab
364 3562 439 3620 omni
452 3558 579 3636 temporis
597 3561 789 3618 memoratione
801 3561 913 3619 abstinet
930 3565 1027 3638 poeta:
1060 3561 1105 3620 scd
1125 3564 1216 3641 paullo
1236 3565 1294 3640 post

316 3651 366 3709 snb
379 3651 444 3709 libri
458 3647 529 3704 Vlll
542 3646 651 3705 initium
670 3649 766 3709 iterum
784 3665 934 3727 temporum
956 3667 1033 3710 notas
1052 3652 1185 3731 adjungit.
1224 3651 1294 3710 Viso

316 3744 448 3799 nocturno
461 3737 579 3796 monitus
591 3737 688 3795 AEueat
697 3738 748 3795 iter
758 3756 831 3817 parat
842 3741 876 3796 ad
888 3741 1051 3800 Evandrum.
1091 3744 1161 3800 Orto
1171 3742 1216 3801 die
1229 3743 1294 3800 bina

316 3831 427 3909 navigia
440 3827 544 3887 instruit
561 3827 724 3904 adversoque
737 3826 835 3886 Tiberi
848 3833 953 3887 eveslus
973 3831 1021 3889 sub
1039 3833 1176 3890 meridiem
1194 3835 1293 3893 collem

316 3921 480 3986 Palatinum,
498 3935 578 3994 quem
590 3916 714 3972 Evander
727 3916 846 3984 tenebat,
866 3919 996 3995 prospicit
1009 3920 1092 3988 Vlll,
1111 3941 1222 4001 79-97
1234 3922 1293 4003 sqq.

319 4009 451 4087 Hospitio
464 4010 498 4065 ab
511 4026 544 4064 eo
557 4005 670 4083 benigne
681 4021 806 4083 exceptus
820 4013 888 4085 (169
898 4010 986 4086 sqq.),
1005 4011 1293 4091 diequeetnodtecnm

318 4100 456 4156 eoexaua
477 4117 503 4155 v.
519 4099 670 4171 367-369
695 4095 778 4151 altero
802 4096 847 4153 die
871 4104 936 4175 (455
951 4098 1020 4175 sqq.)
1045 4099 1164 4156 Evandri
1189 4099 1295 4157 monitu

319 4188 449 4266 Agyllam
462 4185 507 4243 seu
519 4186 598 4242 Caere
616 4184 731 4242 Etruria
752 4185 843 4243 urbem
858 4191 915 4244 adit
928 4189 1025 4244 AEneas
1038 4205 1064 4247 et
1079 4191 1249 4248 Tarchonem
1258 4194 1294 4250 ad

319 4297 457 4335 armorum
471 4273 623 4332 societatem
633 4274 773 4350 pellicitv.
790 4279 846 4351 604
856 4276 895 4353 sq.

359 4367 462 4423 Interea
472 4363 569 4422 nuntio
581 4364 616 4421 de
631 4364 719 4420 AEneae
731 4365 849 4421 absentia
861 4382 972 4444 accepto
986 4368 1096 4426 Turnus
1108 4371 1207 4427 vallum
1222 4372 1295 4429 Tro-

316 4456 443 4533 janorurn
468 4465 616 4531 oppugnat,
637 4453 741 4510 classem
755 4453 893 4511 incendit:
916 4455 973 4523 IX,
991 4465 1111 4537 1-158.
1152 4462 1241 4518 Nocle
1254 4461 1296 4516 in-

320 4545 432 4623 sequuta
443 4542 527 4603 Nisus
548 4559 575 4596 et
594 4541 725 4615 Euryalus
738 4541 771 4596 ad
783 4543 897 4600 AEueam
911 4544 975 4600 missi
992 4546 1180 4604 interimuntur
1206 4569 1295 4621 ¹59-

319 4640 387 4715 458.
428 4636 525 4690 Altcro
537 4630 595 4697 die,
614 4630 661 4707 qui
672 4630 744 4689 idem
757 4632 804 4689 ille
812 4634 859 4697 est,
881 4653 935 4710 quo
945 4635 1042 4693 AEneas
1055 4636 1207 4695 Cerretanus
1220 4641 1295 4697 adie-

321 4741 374 4791 rat,
394 4721 491 4781 Rutuli
503 4720 585 4777 castra
598 4719 781 4794 Trojanorum
794 4721 869 4776 omni
890 4723 916 4778 vi
938 4742 1094 4801 oppugnant
1118 4747 1173 4806 459
1192 4731 1226 4786 Et
1239 4733 1296 4802 jane

314 4811 403 4897 ptime
423 4838 487 4872 mo
497 4808 737 4887 spargebatsumr‘ne
752 4797 1140 4889 terrae-Aurora-lrrumpit
1163 4814 1192 4873 in
1215 4797 1298 4876 casira

321 4903 443 4968 Tumns,
463 4900 559 4958 iterum
572 4896 713 4973 expellitur
725 4897 774 4955 lib.
789 4896 841 4956 lx,
882 4898 1007 4958 Habetur
1026 4898 1171 4957 concilium
1184 4905 1296 4961 deorurn

321 4993 365 5065 X,
380 5008 502 5071 1-117.
540 4986 645 5046 Interea
659 4987 756 5045 Rutuli
778 5003 894 5066 pergunt
915 4989 1015 5047 vallum
1032 4980 1189 5068 oppugnare
1205 4999 1297 5052 118-

1235 5101 1300 5161 ¹45»
