3475 6234
1982 613 2128 674 ¹¹52
2170 603 2412 676 trigcfimo
2460 605 2574 676 post
2617 606 2832 667 Lavini

1970 703 2164 742 omnes
2193 687 2482 766 scriptores
2511 707 2724 772 tempus
2753 699 2832 756 fin?

1968 774 2168 834 Victor
2195 781 2270 835 Ο.
2296 778 2376 836 G.
2406 782 2478 838 R.
2536 805 2625 859 17.
2709 788 2832 847 Sic.

1969 886 2047 944 47
2086 868 2316 928 inventa
2343 871 2517 931 statim
2556 874 2651 934 sub
2692 877 2832 938 escer

1965 956 2142 1016 urben
2181 960 2500 1020 redeuntibus
2538 970 2691 1023 annis
2731 968 2832 1043 Ast.

1969 1042 2161 1107 l’aullo
2184 1050 2465 1110 obscurius
2489 1051 2636 1112 idem
2671 1057 2832 1135 Jupit·

1965 1135 2021 1206 Ι,
2061 1139 2171 1218 267
2216 1141 2293 1199 At
2328 1156 2460 1219 puer
2487 1146 2729 1221 Astanins
2752 1181 2830 1196 —

1962 1227 2106 1288 orbes
2140 1231 2355 1309 Imperio
2395 1232 2653 1310 explebi&
2680 1259 2832 1317 regnu

1960 1317 2165 1399 longam
2188 1322 2347 1381 multa
2373 1329 2445 1381 vi
2465 1332 2651 1386 muniet
2680 1328 2832 1389 Alba,

1989 1473 2013 1495 0
2036 1414 2109 1471 ln
2146 1411 2436 1471 duratione
2467 1436 2599 1474 vero
2627 1420 2785 1497 regni
2826 1473 2832 1481 .

1958 1502 2201 1562 Romam
2227 1504 2511 1565 conditam
2549 1506 2821 1589 Virgilius

1956 1593 2291 1673 scriptorum
2320 1595 2427 1654 fide
2455 1598 2683 1668 recedit,
2714 1603 2751 1661 fi
2779 1624 2832 1662 ur

1955 1678 2057 1742 lib.
2089 1682 2316 1751 XLIII,
2359 1707 2381 1744 1
2414 1687 2696 1766 excipias:
2736 1712 2832 1770 apt

1955 1778 2108 1830 mnis
2130 1788 2281 1852 capnt
2307 1783 2456 1854 regni
2478 1784 2604 1854 fuit
2623 1803 2644 1838 .·
2699 1781 2790 1842 Sic

1958 1865 2117 1922 versu
2169 1865 2271 1924 lib.
2315 1865 2365 1934 I,
2424 1888 2534 1946 272
2578 1874 2684 1930 Hic
2714 1879 2832 1953 jam

1955 1950 2263 2013 Enimvero
2292 1975 2397 2014 non
2428 1959 2590 2018 CCC
2617 1962 2703 2020 sed
2733 1965 2832 2024 CC

1949 2043 2235 2102 conditam
2277 2046 2618 2109 intercessiffe
2656 2053 2824 2115 summ

1947 2133 2195 2211 postumo
2220 2134 2409 2194 libello
2439 2139 2531 2215 Jo.
2574 2143 2828 2223 Mai-tyni

1944 2237 2075 2303 ιφοη
2113 2224 2200 2283 the
2243 2226 2465 2286 AEneid.
2510 2231 2691 2291 Lond.
2742 2255 2832 2314 17:

1945 2312 2226 2393 Regibus.
2307 2315 2418 2374 Sed
2455 2337 2650 2395 parum
2693 2322 2823 2384 inde

1941 2401 2133 2481 aliqua
2159 2421 2335 2474 certa,
2374 2425 2442 2464 ex
2468 2409 2738 2484 majorum
2762 2415 2832 2474 fai

1942 2491 2155 2551 bitror:
2189 2513 2385 2553 verum
2404 2516 2752 2575 computum,
2775 2505 2831 2565 su

1941 2601 2199 2642 numeros
2226 2584 2485 2663 digerere
2514 2589 2832 2669 inceperant

1938 2670 2011 2728 ad
2053 2672 2325 2731 rationem
2369 2676 2649 2739 intervalli
2689 2683 2831 2744 inter

1935 2759 2065 2819 dia:
2129 2763 2301 2840 quod,
2353 2767 2452 2824 etii
2496 2770 2567 2827 ab
2609 2770 2832 2834 diverfis

1929 2852 2186 2928 epochis,
2229 2852 2482 2931 inprimis
2527 2860 2716 2936 Trojae
2749 2885 2832 2944 ca]

1929 2941 2277 3001 constitutum
2308 2944 2413 3019 (ita
2444 2961 2500 3003 ut
2528 2967 2584 3004 v.
2607 2970 2660 3009 c.
2690 2953 2755 3019 ii,
2782 2976 2832 3033 qt

1929 3030 2124 3098 Troia·
2151 3033 2428 3094 excidium
2453 3043 2701 3098 centenis
2732 3065 2832 3098 ann
