3475 6234
612 894 1019 977 ruminum
1058 893 1143 972 vn.
1291 894 1385 996 ως

374 1104 421 1181 μ’
435 1097 476 1162 d
494 1099 638 1183 Iapygia
655 1102 779 1180 orreffln't
796 1120 899 1179 euntque
919 1099 1071 1178 Meffirprlrm
1089 1096 1271 1178 appellaverit.
1297 1095 1358 1158 tid.

373 1187 443 1251 ssid-
466 1188 588 1250 Cnsaub.
626 1188 712 1250 Coul.
733 1187 808 1248 Sent.
831 1189 867 1247 ad
890 1188 955 1249 AEn.
980 1187 1065 1256 vm.
1087 1208 1117 1267 9.
1157 1187 1274 1247 Fallitur
1292 1204 1359 1246 ueto

374 1276 526 1358 Stephanut
549 1278 632 1355 Byr..
650 1278 699 1358 qui
721 1275 873 1357 Mell'apum
886 1277 998 1337 Eubteae
1010 1294 1129 1338 montem
1141 1278 1241 1338 edidit.
1280 1277 1358 1337 Nutu

373 1384 441 1428 teto
463 1367 596 1448 Mellapuu
617 1388 633 1427 e
652 1366 760 1427 Boeotia
780 1365 906 1425 hominen
917 1366 1073 1438 deduxerit,
1084 1383 1112 1427 et
1124 1387 1181 1446 quo
1193 1365 1357 1446 tempotehi

374 1448 638 1517 Boeodndltaliam
652 1455 817 1536 appulerint,
829 1471 857 1514 et
869 1475 906 1515 an
926 1456 1044 1517 nominit
1064 1457 1242 1517 Bottiteotum
1262 1455 1360 1517 fimili-
1426 1485 1431 1497 ·

373 1546 446 1607 tudo
468 1543 616 1605 narrationi
637 1544 797 1623 effingendo
816 1543 955 1603 licentiam
977 1544 1089 1616 fecerit;
1107 1544 1234 1625 equidem
1246 1563 1302 1604 non
1314 1542 1358 1602 di-

373 1652 445 1695 tatu.
484 1637 587 1696 Saltem
610 1633 745 1714 Mellapu'u
768 1632 866 1711 aliquit
886 1634 1015 1694 conditor
1040 1650 1068 1693 et
1091 1654 1139 1693 tea
1161 1633 1357 1711 Mefftpiotum

374 1723 444 1784 inter
463 1737 568 1784 veteres
586 1721 737 1782 ueltbtatuo
758 1720 830 1780 fuit:
853 1721 959 1782 Plinius
971 1720 1026 1790 ΠΙ,
1050 1742 1080 1782 tt
1104 1722 1125 1781 l'.
1143 1722 1177 1781 16
1190 1720 1357 1783 Calabria-

375 1814 462 1875 Gner'
472 1810 633 1892 Mell'apiam
645 1829 662 1868 a
674 1811 745 1870 duce
755 1809 928 1888 appellavere.
947 1810 1023 1870 cons.
1035 1810 1123 1870 Solin.
1143 1830 1170 1870 c.
1185 1832 1215 1878 2,
1231 1831 1259 1890 p.
1276 1831 1312 1872 to
1324 1810 1358 1870 B.

377 1902 459 1985 Apud
477 1900 579 1961 Silium
600 1901 651 1960 lib.
671 1898 744 1967 XII,
766 1918 819 1978 393
843 1899 941 1958 Eunias
957 1909 1063 1977 antiqua
1082 1900 1193 1978 Mtffapi
1210 1898 1244 1958 ab
1263 1908 1359 1981 msgt‘rrt

375 2014 459 2073 regn
479 1989 594 2060 editum
613 2003 641 2048 et
664 1987 773 2047 Servius
793 1986 828 2045 utl
850 1988 970 2047 nostrum
992 1987 1085 2046 locum
1110 2007 1138 2046 v.
1164 1990 1216 2066 691
1247 1987 1292 2046 Ab
1313 1987 1357 2048 boc

377 2080 471 2140 tntu
492 2081 556 2140 nto
565 2084 600 2156 se
621 2083 741 2158 on'ginm
764 2079 861 2138 ducere.
901 2075 1004 2134 Rudiae
1027 2074 1101 2135 enim
1124 2075 1154 2135 in
1175 2077 1289 2156 Iapygio
1311 2076 1358 2138 sett

375 2165 506 2248 Μαρία
516 2167 574 2227 lita
585 2180 672 2226 etant.

410 2256 552 2342 Qeeum
562 2256 602 2316 ita
611 2255 772 2326 sehabeant,
784 2256 818 2314 ad
831 2254 1021 2336 alloquendum
1030 2254 1144 2316 difficile
1153 2254 1202 2326 est,
1214 2260 1357 2337 quomodo

374 2346 425 2409 ltot
437 2367 495 2407 uno
505 2346 537 2405 iu
549 2346 614 2405 loeo
627 2344 764 2423 Virgilius
777 2359 894 2404 ueterem
909 2344 1007 2403 famum
1020 2344 1140 2403 deserete
1152 2357 1179 2402 et
1192 2345 1357 2427 Messapum,

373 2437 418 2499 eni
441 2437 473 2498 in
504 2452 627 2497 extrema
652 2433 750 2500 ltalia,
764 2435 853 2493 solem
886 2435 1036 2494 constanter
1064 2435 1203 2515 affigntvit
1232 2439 1357 2511 tetullar,

374 2524 558 2592 Fel'oenuinb,
592 2520 714 2591 Faliscis,
752 2522 911 2602 ceterisque
939 2521 1067 2582 enarratis
1100 2523 1218 2584 Etrutiae
1247 2529 1357 2607 populis
1436 2548 1439 2559 ·

371 2615 550 2677 domuere
561 2612 697 2673 maluerit.
730 2611 851 2671 Videtur
862 2625 936 2672 cette
942 2619 1026 2691 po'e'tn
1039 2612 1165 2691 sequutus
1175 2616 1224 2675 effe
1234 2617 1354 2697 aliquid,
1420 2626 1422 2630 ’

372 2706 452 2788 quoti
472 2722 547 2763 nune
566 2701 729 2782 ignoratur:
755 2722 819 2760 unm
844 2716 958 2761 exornat
976 2701 1049 2760 huuc
1074 2694 1225 2782 Mellnpum
1245 2705 1357 2786 ejusque
1423 2720 1429 2731 ¹

371 2794 469 2876 eopiae
490 2805 519 2851 et
537 2790 663 2873 iugulati
687 2790 741 2848 ritu
764 2790 891 2860 illustrat,
912 2791 986 2869 quod
1010 2808 1073 2850 cunr
1094 2791 1261 2869 rhythmoet
1272 2810 1357 2857 cautu

373 2881 540 2946 inoess'eriur.
577 2883 623 2938 An
637 2879 733 2938 Servio
745 2879 851 2958 aliquid
864 2879 1039 2939 tribuendum
1053 2880 1084 2939 fit
1097 2880 1207 2952 dubito,
1216 2881 1283 2942 dutu
1296 2885 1355 2946 ait:

371 2973 416 3034 Ab
427 2973 474 3033 her
485 2969 630 3050 (ΜΝ)
638 2972 734 3030 Ennius
746 2971 839 3046 dicitse
849 2976 967 3049 originem
980 2971 1085 3030 ducere:
1105 2971 1170 3029 tande
1182 2994 1248 3032 mc
1258 2989 1283 3032 et
1293 2998 1358 3036 cair.

372 3080 454 3125 mer
465 3063 564 3121 :unit
585 3064 638 3140 tjar
651 3063 729 3137 sotius
735 3075 759 3116 et
770 3082 806 3117 eos
826 3074 954 3136 comparat
971 3068 1058 3135 sycitis.
1097 3058 1230 3120 lucell'utn
1244 3062 1358 3139 quidem

371 3154 450 3214 talem
467 3170 534 3210 eum
546 3163 644 3218 cautu,
665 3163 692 3205 et
714 3146 851 3205 saltationi
872 3148 1021 3207 numerosae
1043 3149 1169 3216 limitem,
1190 3152 1284 3211 multis
1295 3152 1357 3215 bor.
1371 3190 1383 3201 .

374 3241 444 3302 herii
470 3238 599 3299 ufitatum
625 3235 701 3296 suille
723 3234 785 3293 satis
807 3235 920 3293 constat.
955 3236 994 3296 cl.
1018 3237 1109 3295 Cerda
1133 3239 1168 3296 td
1193 3239 1221 3299 lt.
1245 3242 1266 3300 l.
1305 3245 1356 3305 Ad

373 3329 601 3392 Fescenninorum
632 3324 782 3385 carminum
807 3325 947 3383 licentium
971 3338 999 3384 et
1021 3329 1100 3404 jocor
1124 3346 1190 3403 ueto
1222 3331 1355 3412 respicere

372 3416 479 3501 pn'etam
504 3436 563 3476 non
588 3415 680 3474 credo.
730 3414 815 3494 Qud
843 3413 970 3492 Neptuni
996 3414 1082 3501 lilium
1108 3415 1177 3476 facit
1202 3418 1356 3501 Meffupum

374 3509 520 3590 Virgiliut,
544 3508 661 3566 rotleex
682 3520 771 3565 vetere
790 3523 865 3564 more
877 3506 1005 3583 loquendi
1023 3506 1141 3586 explicat
1157 3509 1284 3569 Servius:
1305 3516 1357 3572 Hic

374 3599 497 3678 Mffaepns
512 3612 564 3674 per
575 3618 645 3654 nare
656 3597 695 3652 ad
710 3593 816 3652 ltaliam
828 3603 920 3652 vertit:
940 3597 1005 3652 unde
1017 3595 1132 3672 Neptuni
1140 3600 1219 3656 ditius
1229 3603 1262 3676 est
1272 3599 1357 3675 filius.

373 3687 412 3748 lta
422 3689 496 3748 euim
510 3684 592 3743 multi
602 3683 694 3762 paffim
705 3682 829 3759 Neptuni
842 3697 890 3741 aut
902 3682 954 3740 filii
967 3698 1013 3742 aut
1024 3684 1116 3742 amafii
1126 3687 1255 3763 appellati
1266 3687 1355 3760 fuere,

374 3778 501 3859 quoniam
522 3774 592 3834 mari
603 3772 785 3831 advenerant:
807 3795 834 3832 v.
849 3793 875 3833 c.
890 3772 987 3850 Pelops
1004 3774 1075 3851 apud
1092 3772 1239 3832 Pindamm
1261 3776 1309 3835 Ol.
1329 3778 1356 3840 1.

376 3867 453 3929 Uutle
465 3878 558 3925 autent
571 3863 602 3921 in
614 3876 731 3921 mentem
741 3863 846 3920 venerit
858 3868 958 3941 po'e‘ue,
977 3877 1006 3919 ut
1020 3863 1092 3920 ltunc
1110 3860 1261 3940 Mellapunt
1275 3866 1356 3926 indo.

374 3959 468 4019 mitum
488 3953 551 4036 igni
563 3966 592 4011 et
604 3950 677 4011 ferro
690 3951 802 4020 faceret,
820 3952 859 4009 ita
872 3950 929 4009 sete
942 3949 1043 4026 allequi
1063 3949 1133 4008 mihi
1153 3950 1259 4022 videor,
1279 3954 1356 4031 quod

375 4044 440 4106 inter
461 4063 522 4113 eos,
545 4059 615 4120 quot
633 4039 723 4107 ducit,
746 4039 863 4099 Somou
883 4038 986 4097 montis
1002 4041 1102 4097 accolae
1115 4039 1188 4109 sunt,
1211 4042 1296 4120 Hirpi
1309 4043 1356 4101 illl

375 4137 419 4197 luo
438 4132 553 4194 nomine
573 4129 655 4198 dieti,
675 4129 724 4207 qui
746 4128 879 4188 snerifieio
899 4146 1001 4195 annuo,
1021 4129 1097 4205 quod
1109 4130 1145 4187 ad
1157 4149 1219 4188 eunt
1234 4145 1355 4191 montem

377 4226 452 4286 hbet
463 4221 605 4304 Apollini,
614 4224 694 4297 saper
702 4219 839 4298 ambustam
848 4218 915 4299 ligni
918 4223 1016 4298 struem
1034 4220 1191 4280 ambulantes
1204 4245 1251 4280 non
1261 4224 1355 4281 adure·

377 4317 476 4376 lum.
519 4308 590 4369 l’liu.
604 4307 675 4377 Vll,
689 4328 716 4367 2.
731 4308 769 4367 cit
783 4308 847 4366 AEu.
862 4306 919 4374 XI,
934 4312 986 4384 587
1002 4305 1062 4384 sqq.

408 4426 437 4467 v.
449 4406 564 4483 7⁰⁶⁴}
572 4418 615 4479 17.
636 4399 699 4458 Eece
710 4398 860 4457 Sabinorum
867 4402 946 4475 pry'co
956 4398 1116 4475 desttnguiae
1128 4421 1246 4480 magnum
1256 4401 1356 4480 Agmen

375 4520 449 4578 epm
473 4488 686 4569 Clausus-Uro
711 4497 796 4571 ingens
820 4489 956 4546 Amiterna
980 4486 1061 4545 cohors
1086 4501 1140 4548 etc.
1192 4486 1270 4545 lineo
1293 4491 1356 4570 agri

376 4584 466 4646 Sabini
479 4589 561 4662 poete
572 4577 667 4660 poullo
679 4579 760 4638 latius
771 4576 914 4637 constituit
925 4595 1006 4654 quum
1018 4576 1054 4633 ad
1067 4574 1235 4653 sequentium
1243 4592 1354 4638 aetatutn

377 4676 499 4744 mimo,
510 4690 579 4753 quat
591 4667 692 4731 strabo
705 4682 733 4728 et
746 4666 851 4728 l'littiur
862 4678 925 4725 ante
937 4664 1031 4725 oeulos
1050 4662 1213 4729 habuerunt.
1252 4667 1355 4726 Saltem

1286 4761 1357 4821 latur
