3475 6234
690 1920 1008 1984 EXCURSUS'
1033 1922 1060 1983 1.

517 2153 573 2226 De
588 2151 754 2225 Diomedis
763 2153 898 2246 sedibus
914 2155 948 2225 in
965 2150 1096 2248 Apuliae
1111 2152 1237 2226 littore·
1349 2096 1354 2105 ι

382 2315 464 2461 1-ss
475 2406 506 2447 n.
527 2384 583 2450 xl,
604 2403 660 2462 243
678 2387 804 2450 Vidimus,
817 2407 831 2441 o
845 2387 931 2450 cives,
952 2382 1098 2442 Diomedem
1112 2382 1270 2464 Argivaque
1282 2389 1370 2464 cestu

379 2491 451 2542 ete„
468 2491 497 2534 et
520 2475 602 2551 supra
622 2475 713 2541 VIII,
739 2494 758 2553 9
777 2475 903 2532 Mittitur
923 2489 948 2531 et
968 2479 1057 2551 magni
1070 2474 1180 2532 Venulus
1190 2476 1372 2537 Diomedisad

381 2566 478 2635 urbem,
490 2568 545 2643 Qui
553 2581 628 2644 petat
640 2564 777 2624 omilim.
818 2566 885 2643 Qm
899 2579 961 2623 arte
971 2566 1057 2642 poita
1069 2563 1187 2643 septimo
1199 2565 1270 2624 libro
1285 2568 1368 2627 Gtae·

362 2703 366 2711 .
381 2675 429 2717 cns
439 2655 563 2716 colonias
573 2668 602 2712 et
613 2655 743 2732 populos,
752 2673 870 2733 qnorum
880 2653 1020 2733 originem
1034 2668 1142 2712 vetere·
1152 2654 1369 2717 fabulaeaGrae·

381 2746 422 2812 cis
443 2743 618 2824 repetebant,
633 2742 742 2801 Latinis
759 2759 788 2802 ct
800 2743 913 2802 Rutulis
924 2743 953 2801 in
967 2742 1034 2802 belli
1047 2741 1367 2821 societatemadjunxit.

379 2838 480 2897 cadem
493 2855 565 2896 nunc
578 2835 612 2894 ed
630 2835 800 2895 Diomedem
821 2835 851 2895 in
871 2851 998 2896 extrema
1019 2837 1108 2895 Italiae
1121 2855 1173 2895 orn
1192 2837 1229 2896 de
1252 2839 1365 2900 auxiliis

380 2927 508 3010 petendis
524 2929 632 3005 legatos
646 2925 722 2984 mitti
736 2941 839 2985 narrat.
880 2927 1009 3009 Qtorum
1027 2926 1197 2986 auxiliorum
1211 2928 1367 3014 adventum

378 3040 445 3078 cum
457 3015 591 3094 temporis
604 3014 747 3093 angustiae,
758 3015 858 3093 quibus
869 3017 976 3095 reliqua
986 3016 1053 3076 belli
1062 3032 1163 3076 eventa
1173 3019 1365 3090 includuntur,

378 3129 435 3168 non
448 3107 615 3166 admittant:
636 3106 793 3184 legatorum
806 3105 899 3164 reditu
908 3121 938 3165 et
947 3105 1149 3166 renuntiatione
1160 3109 1258 3170 auxilii
1266 3113 1365 3191 negati

378 3198 511 3281 praeclare
526 3196 613 3256 utitur
626 3196 712 3254 Miro
724 3195 760 3252 ed
775 3215 869 3258 rerum
887 3196 995 3255 exitum
1008 3197 1218 3260 accelerandum
1239 3215 1268 3259 et
1282 3201 1365 3260 Lati·

377 3314 477 3354 notum
499 3290 611 3353 consilia
631 3287 841 3368 praecipitanda.
881 3291 958 3349 Nam
979 3289 1101 3368 primum
1121 3290 1224 3352 incidit
1252 3300 1297 3374 (v.
1311 3295 1364 3367 lib,

378 3388 433 3451 XI,
449 3406 484 3443 22
489 3407 503 3465 ς
514 3383 590 3462 sqq.)
607 3381 765 3460 legatorum
779 3378 885 3438 reditus
898 3378 965 3438 inid
979 3395 1100 3458 tempus,
1114 3400 1170 3459 quo
1180 3400 1246 3443 ante
1259 3405 1364 3462 paucos

376 3479 437 3538 dier
464 3496 481 3533 a
508 3472 617 3534 Latinis
642 3489 740 3549 parum
764 3468 895 3549 prospere
919 3483 980 3529 erat
998 3486 1167 3550 pugnatum,
1192 3477 1362 3559 consiliaque

378 3588 475 3630 eorum
486 3568 545 3643 jam
555 3562 695 3623 inclinatis
710 3561 808 3621 animis
823 3562 858 3620 ad
873 3581 971 3642 pacem
991 3563 1161 3640 spectabant.
1200 3569 1278 3628 Tum
1292 3591 1363 3632 vero

374 3657 463 3739 legati
477 3677 530 3716 non
545 3653 630 3713 modo
644 3669 778 3731 negatum
792 3651 960 3711 tDiomede
970 3651 1103 3711 auxilium
1117 3656 1289 3727 renuntiant,
1310 3680 1362 3722 vc-

375 3771 438 3811 rum
459 3750 544 3807 etiam
557 3743 667 3804 consilia
677 3741 737 3818 ejus
750 3755 779 3798 et
797 3741 928 3801 mandata
942 3758 1098 3820 exponunt,
1120 3745 1220 3823 quibus
1235 3751 1270 3809 ad
1280 3771 1360 3831 com·¹

374 3840 533 3923 ponendam
553 3855 616 3895 cum
637 3834 727 3892 AEnea
739 3852 838 3910 pacem
859 3834 1017 3913 graviffime
1030 3834 1169 3894 hortatur.
1210 3839 1298 3908 Erant
1310 3848 1374 3902 att-⁹
1440 3856 1459 3905 J

375 3951 433 3994 tem
446 3933 482 3991 de
496 3925 642 3992 Diomedis
657 3925 686 3983 in
699 3923 822 3991 Daunia,
846 3947 907 4005 qnae
926 3924 1036 4005 Apuliae
1049 3945 1114 4004 pars
1127 3930 1177 3996 est,
1198 3931 1304 3992 sedibus
1317 3935 1360 3999 fi-

375 4025 448 4084 bulae
462 4022 627 4080 Graecornm
643 4013 842 4091 antiquilfimae.
882 4013 1002 4092 Ibycum
1016 4016 1155 4076 auctorem
1175 4021 1270 4086 Scltol.
1292 4023 1359 4083 Pin.

373 4113 437 4172 dari
450 4111 486 4171 ad
498 4110 586 4170 Nem.
602 4107 640 4171 Χ,
662 4122 694 4163 12
710 4105 827 4170 excitat,
850 4103 895 4162 sed
916 4104 1031 4181 cyclicis
1050 4107 1197 4184 probabile
1215 4113 1245 4171 fit
1264 4117 1359 4192 poeti,

373 4204 436 4265 illas
461 4203 513 4261 else
539 4195 710 4261 tribuendas,
749 4194 784 4253 iis
810 4193 949 4273 inprimis,
974 4196 1022 4274 qui
1048 4196 1154 4262 roditur
1182 4202 1357 4267 Achivorum

376 4294 488 4375 (Nicer)
512 4284 827 4362 carmineexposuerant
843 4284 899 4361 (cf.
913 4283 973 4362 sup.
988 4283 1024 4343 ad
1038 4304 1068 4343 v.
1090 4287 1157 4366 265.
1198 4289 1246 4349 Ad
1259 4312 1357 4367 eornm

371 4384 533 4463 exemplum
555 4378 694 4438 Diomedia
714 4374 792 4432 libris
817 4374 877 4438 xn
899 4373 1002 4451 scripta
1015 4390 1075 4433 erat
1087 4393 1105 4432 a
1118 4375 1196 4452 julio
1212 4380 1356 4443 Antonio:

370 4498 418 4554 ιρ.
430 4473 522 4534 Schol.
539 4469 641 4527 Horat.
653 4465 707 4531 IV,
723 4484 752 4529 2,
769 4483 784 4521 2
788 4484 817 4542 3,
831 4462 873 4521 uti
884 4463 1004 4528 Pbaeacis
1018 4483 1035 4522 a
1049 4463 1203 4534 Tuticcno,
1217 4487 1245 4528 et
1260 4477 1358 4548 rediens

370 4567 488 4631 Menelai
500 4581 526 4623 er
540 4558 673 4618 Helenaea
688 4557 786 4632 Lupo:
809 4552 898 4623 ovid,
912 4573 948 4613 ex
967 4553 1056 4613 Ponto
1071 4554 1128 4622 IV,
1156 4557 1203 4632 16.
1226 4562 1273 4621 26.
1290 4573 1357 4643 27).

371 4659 475 4722 Redux
494 4652 601 4713 enimn
618 4645 709 4722 Troja
724 4647 818 4723 Argos
831 4645 918 4703 factus
931 4643 1086 4714 Diomedei
1108 4645 1184 4724 (vid.
1207 4649 1305 4730 odyss.
1327 4683 1358 4730 γ,

374 4754 431 4811 180
445 4744 517 4823 ίῳ),
530 4735 653 4817 cognitis
668 4734 761 4793 uxoris
770 4733 906 4812 AEgicleae
914 4748 944 4795 et
953 4735 1074 4794 adulteri
1084 4734 1223 4808 Cometae,
1231 4733 1358 4817 Stheneli

371 4839 408 4908 f„
426 4831 543 4898 infidiir,
561 4828 663 4888 iterum
676 4843 761 4885 naver
770 4821 940 4891 conscendit,
950 4837 979 4883 et
988 4825 1048 4900 post
1057 4825 1160 4883 multoe
1172 4845 1281 4890 errore,
1302 4836 1356 4913 (cf.

321 4940 323 4945 ’
371 4925 461 4990 Otid.
478 4920 548 4983 XIV
561 4920 638 4980 Met.
653 4919 710 4995 478
725 4913 816 4994 sqq.),
826 4913 928 4994 qulbus
940 4914 1026 4974 etim
1035 4910 1173 4976 AEtoliem
1182 4916 1357 4986 inlinere*

371 5003 1316 5099 aragne.AntonIn.Mctnm.e.l37,ob3ci.Not.,tdet-rdd.N
1347 5059 1357 5078 ,

1321 5109 1358 5179 ad
