3475 6234
513 1219 601 1295 AD
639 1218 919 1294 LIBRUM
960 1219 1063 1295 VIII.
1219 1226 1283 1298 261

312 1438 366 1498 pro
386 1419 433 1480 suo
453 1416 566 1498 quisque
583 1416 695 1496 ingenio
715 1439 747 1476 ac
768 1417 853 1476 sensu.
893 1416 977 1476 Modi
1001 1430 1090 1477 auten
1102 1429 1177 1476 erant
1188 1416 1289 1493 plures,

312 1505 412 1584 quibus
424 1506 496 1566 fama
508 1507 555 1565 illa
566 1520 640 1563 uetus
652 1505 739 1583 digeri
753 1520 780 1563 et
793 1504 918 1564 constitui
933 1507 1024 1583 pollet.
1062 1505 1156 1584 Itaque
1175 1505 1237 1573 alii,
1256 1516 1288 1562 ut

312 1596 468 1655 Antiochus
480 1595 657 1672 Syracusunus
668 1613 696 1652 ct
708 1596 886 1671 Thucydides
908 1595 1068 1673 (Polybium
1085 1615 1193 1674 quoque
1205 1595 1235 1652 in
1255 1611 1288 1650 ea

312 1682 444 1745 sententia
456 1684 533 1743 suisse
545 1701 695 1762 appareres
708 1682 752 1752 iis,
764 1702 825 1760 qua
836 1684 872 1742 de
887 1681 982 1742 locris
994 1700 1082 1742 narrat
1093 1683 1220 1762 Euserpt.
1234 1681 1287 1743 lib.

313 1770 385 1842 x11,
404 1775 442 1831 T.
463 1773 517 1842 III,
536 1795 564 1851 p.
579 1774 665 1848 328),
686 1772 715 1831 in
736 1789 855 1832 extrema
879 1771 956 1831 Italia
979 1773 1084 1831 Siculos
1104 1772 1181 1832 suisse
1200 1773 1288 1843 aiunt,

311 1861 359 1940 qui
378 1861 477 1940 Opic‘rs
496 1861 615 1920 cesserint
625 1885 634 1932 3
654 1880 704 1939 pro
718 1861 815 1919 Siculis
827 1859 875 1918 alii
895 1861 1006 1919 laudant
1026 1862 1149 1938 Elymus,
1163 1861 1289 1921 Ausones

311 1950 353 2009 vel
372 1949 509 2027 Ligures3
529 1948 578 2007 alii
598 1969 631 2006 ex
653 1947 742 2007 media
767 1947 845 2006 Italia
872 1949 1023 2008 arceffivere
1044 1948 1167 2019 Siculos;
1187 1968 1221 2008 err
1234 1948 1288 2009 suis

310 2033 417 2096 sedibus
443 2039 479 2096 ab
505 2037 705 2116 Aboriginibus
729 2051 756 2096 et
782 2037 898 2116 Pelasgis
919 2038 1072 2097 exturbatur
1095 2051 1124 2097 et
1144 2039 1228 2118 'usque
1251 2041 1287 2100 ad

313 2123 450 2207 Rhegium
464 2145 512 2205 per
524 2143 566 2183 tot
577 2126 702 2184 barbaras
720 2141 811 2204 gentes
831 2125 969 2184 erroribus
991 2128 1072 2184 actos.
1092 2124 1152 2186 vid.
1173 2124 1287 2191 Excurs.
1381 2131 1384 2145 '

312 2213 356 2274 lv
366 2217 403 2274 ad
414 2215 466 2274 lib.
481 2213 548 2272 VII.
591 2217 687 2272 Vererer
705 2216 805 2273 Sicanos
827 2213 898 2273 Inter
909 2214 1037 2272 adduslas
1048 2233 1063 2271 a
1076 2212 1175 2273 Turno
1194 2217 1288 2296 copias

312 2304 406 2364 καὶαι
417 2305 498 2384 po'e'ta
508 2303 558 2361 lib.
572 2301 641 2371 VII,
661 2322 730 2382 795,
749 2302 871 2380 adeoque
891 2302 1017 2382 reliquias
1039 2299 1192 2362 Siculorum
1206 2311 1289 2384 (quos

304 2390 423 2451 Sicanos
432 2391 564 2470 appellat)
592 2389 753 2458 etiamnum,
776 2390 966 2460 AEneoeaetate,
987 2389 1016 2448 in
1036 2390 1119 2449 Italia
1131 2390 1287 2470 superfuisse
1404 2377 1409 2392 ’

312 2483 409 2542 necesse
433 2482 481 2541 est.
527 2479 622 2538 Licuit
646 2486 734 2558 po'stae
754 2479 792 2537 ita
817 2481 942 2559 opinari;
973 2480 1021 2538 etsi
1044 2480 1286 2560 antiquiffimorum

304 2573 470 2654 ‚scriptorum
485 2571 643 2632 auctoritate
665 2571 736 2650 apud
761 2571 922 2648 Dionysrum
941 2570 1012 2629 binis
1032 2569 1142 2631 trinisve
1155 2590 1216 2631 anre
1228 2573 1287 2632 bel·

311 2665 367 2724 lum
379 2664 531 2740 Trojanuru
544 2659 667 2717 atatibus
679 2672 735 2715 rota
750 2657 830 2716 ltalia
843 2660 936 2717 ceffille
950 2672 1092 2717 narrantur
1110 2658 1205 2720 Siculi.
1243 2663 1286 2722 At

259 2763 261 2772 '
310 2751 378 2812 illud
396 2754 510 2810 alterurn
524 2748 610 2827 magis
628 2747 806 2825 probabiliter
824 2747 936 2818 fastum,
959 2748 1031 2827 quod
1056 2746 1113 2819 XI,
1134 2751 1286 2829 316-—319

310 2860 403 2922 agrurn
417 2839 545 2898 Latinum
558 2839 593 2894 ad
607 2836 734 2894 Tiberini
752 2839 815 2912 finis
831 2843 1002 2918 superasque
1026 2838 1128 2897 Sicanos
1151 2837 1181 2896 h.
1203 2839 1287 2919 usque

309 2931 344 2991 ad
357 2930 513 2992 siculorum
525 2927 655 2996 confinia,
675 2928 710 2984 ab
729 2928 854 2984 Auruncis
878 2928 1023 3006 Rutulffque
1034 2925 1089 2984 coli
1101 2926 1149 2984 ait.
1190 2927 1287 2988 Potue-

311 3019 452 3081 musenim
466 3019 530 3076 sines
543 3016 697 3076 Siculorum
711 3015 793 3073 etiarn
814 3013 850 3074 iis
868 3016 983 3094 expulfis
995 3016 1124 3074 memoria
1143 3017 1285 3078 hominum

310 3105 481 3187 suquennri.
522 3103 663 3182 Disjungit
676 3121 758 3181 porro
769 3110 850 3180 podta
873 3106 979 3185 Ausones
1001 3104 1036 3161 ab
1058 3104 1236 3184 Aboriginibus
1255 3109 1285 3169 h.

311 3195 346 3255 ab
358 3194 560 3256 iislrominibus
579 3195 643 3250 seris
664 3206 691 3248 et
711 3190 880 3261 silvestribus,
902 3193 950 3270 qui
970 3193 1053 3273 prirni
1072 3192 1181 3252 Italiam
1194 3198 1285 3257 colue-

310 3300 379 3345 runt.
419 3285 538 3344 seriores
550 3282 635 3348 enim,
659 3295 686 3336 et
699 3298 778 3337 aurea
799 3282 858 3356 jam
878 3296 954 3340 atate
967 3281 1134 3360 Saturnoque
1148 3303 1212 3361 rege
1222 3287 1285 3345 sub-

310 3374 374 3444 lito,
391 3392 439 3432 eos
461 3370 569 3430 Iuliam
593 3368 721 3446 ingressos
740 3368 810 3426 dicit
832 3390 859 3428 v.
885 3376 941 3444 328
965 3370 1030 3429 sum
1052 3396 1139 3431 munus
1165 3375 1284 3453 Arrsonr'a.

311 3462 401 3525 Potuit
414 3477 442 3521 et
455 3463 518 3527 hoc,
542 3475 676 3535 tamquam
696 3460 788 3535 posta,
812 3477 923 3536 ponere,
943 3457 1024 3517 etiam
1037 3479 1099 3517 cum
1117 3460 1222 3521 ratione
1234 3463 1285 3522 ali·

265 3622 267 3627 ¹
311 3574 370 3632 qua.
411 3550 468 3610 Etsi
481 3549 555 3608 enirn
567 3546 709 3605 communi
721 3546 801 3624 llirpe
814 3547 990 3625 procederent
999 3562 1026 3604 et
1036 3563 1112 3606 uetus
1123 3549 1192 3608 illud
1213 3550 1284 3611 fero.

310 3659 366 3702 nrm
381 3638 524 3700 hominurn
537 3654 621 3714 genus
634 3650 661 3692 et
674 3634 733 3693 aliae
749 3649 843 3713 gentes
855 3634 995 3703 Ausonia,
1015 3650 1104 3693 tamen
1125 3637 1177 3696 suis
1195 3640 1285 3699 nomi·

311 3727 622 3792 uibosdiscretaeerant;
643 3725 765 3806 adeoque
790 3722 883 3781 mitius
901 3741 933 3782 ac
954 3724 1117 3783 mansuetius
1135 3744 1218 3803 genus
1237 3750 1286 3808 per

310 3817 459 3880 Ausonium
473 3833 571 3874 nornen
583 3812 720 3870 declarare
743 3810 832 3871 licuit.
874 3811 1030 3872 Domestica
1051 3829 1140 3875 autern
1160 3817 1238 3877 suisse
1256 3833 1285 3880 et

309 3908 399 3969 civilia
411 3910 482 3968 bella
503 3905 573 3962 inter
585 3901 670 3959 rarius
685 3916 775 3978 gentes
788 3899 917 3959 Ausonia
937 3901 1035 3980 stirpis,
1058 3903 1181 3981 adeoque
1200 3906 1283 3965 etiarn

310 3998 474 4078 Aborigines
494 3994 568 4051 bello
591 4007 699 4047 vexatos
721 3989 770 4046 else
791 4009 807 4046 a
825 3989 930 4046 cureris
948 3989 1054 4068 populis
1067 3993 1206 4051 communi
1218 4013 1283 4053 cum

309 4086 400 4146 iisdem
414 4104 510 4166 genere
522 4080 601 4147 orris,
621 4078 681 4134 satis
694 4076 835 4155 probabile
848 4078 964 4139 uidetur.

344 4178 471 4240 Tandem
485 4176 565 4252 podta
578 4167 704 4243 subjicit:
727 4168 824 4244 Saepr'rrs
835 4186 860 4225 et
872 4191 957 4225 nomen
974 4171 1054 4244 posuit
1066 4170 1191 4228 Saturnia
1201 4171 1282 4234 tellus.

309 4265 391 4327 Varia
410 4265 504 4343 utiquc
524 4260 608 4320 Italia
628 4256 739 4314 nomina
763 4256 862 4314 tradita
882 4258 941 4314 sunt
951 4281 960 4326 ;
981 4256 1103 4316 stamen
1123 4277 1179 4317 rem
1193 4264 1283 4339 paullo

309 4356 455 4417 accuratius
477 4350 616 4430 inspicias,
637 4367 730 4425 parum
753 4346 897 4405 subtiliter.
939 4347 1061 4405 Omnino
1085 4349 1284 4427 (persequamur

308 4447 445 4509 enimharc
457 4442 558 4509 obiter,
571 4437 791 4519 quandoquidem
812 4437 918 4496 turbata
941 4437 997 4495 haec
1017 4439 1110 4497 omnia
1122 4442 1193 4517 apud
1213 4441 1283 4498 doc-

308 4536 414 4596 tiffimus
423 4533 509 4598 viros,
535 4529 617 4587 etiarn
630 4529 664 4585 de
687 4527 768 4584 ltalia
790 4527 861 4605 apud
882 4527 1042 4586 Cluverium
1065 4529 1166 4602 videas)
1187 4531 1282 4589 frullru

308 4625 358 4684 hoc
380 4623 545 4703 expeslatur,
571 4631 600 4676 ut
625 4616 716 4694 magni
740 4630 869 4673 terrarum
891 4617 991 4673 traslus
1016 4616 1065 4674 sub
1091 4637 1145 4675 uno
1171 4618 1282 4677 nomine

309 4715 424 4782 variant,
445 4726 589 4786 antequam
602 4705 651 4763 sub
671 4723 843 4762 communem
857 4703 968 4782 imperii
977 4723 1008 4762 ac
1021 4704 1096 4782 regni
1122 4724 1287 4782 compagem·

309 4803 436 4865 ruerint.
475 4798 560 4857 Orbis
578 4815 643 4854 vero
662 4810 790 4853 terrarum
803 4805 891 4872 partes
903 4792 1012 4850 nomine
1024 4790 1135 4870 proprio
1146 4794 1281 4871 desrgnari

308 4893 352 4955 rix
362 4902 509 4979 potuerunt
526 4899 589 4946 ante
609 4882 837 4966 Geographurum
856 4880 954 4941 Iludia.
994 4878 1093 4940 Primis
1104 4882 1281 4963 temporibus,

1252 4989 1283 5036 ut
