3475 6234
334 567 467 889 ΙΙ
907 584 912 591 .

581 1008 588 1027 Ι
1318 1003 1324 1016 Ι

621 1279 1015 1369 notrannus
1060 1228 1131 1355 xi.
1287 1281 1365 1384 no,
1434 1237 1436 1243 ’

370 1489 474 1570 Spina,
498 1487 534 1548 ad
554 1486 653 1549 ostium
675 1481 746 1544 Padi
759 1478 944 1561 Spineticum,
967 1482 1069 1540 condita
1082 1504 1100 1539 a
1113 1472 1245 1541 Diomede.
1288 1481 1369 1543 Attea

375 1585 415 1649 de
436 1579 579 1641 Diomede
599 1575 774 1638 narrationes
797 1591 828 1630 r.
853 1591 900 1650 ap.
927 1572 1022 1630 Strab.
1048 1570 1105 1639 VI,
1131 1593 1161 1651 p.
1186 1573 1256 1653 436.
1307 1575 1369 1637 Vir

376 1673 488 1738 videtur
497 1671 527 1730 in
540 1670 582 1729 bis
597 1668 663 1728 fides
675 1663 782 1725 Gracia
797 1663 850 1721 esse
860 1660 1015 1721 habenda:
1037 1661 1097 1739 qui,
1116 1682 1182 1724 cum
1196 1666 1312 1725 herodm
1322 1665 1370 1726 in.

377 1765 505 1842 digetem
518 1761 593 1820 iniis
606 1758 675 1818 locis
688 1756 745 1816 coli
761 1753 921 1820 audiissent,
942 1751 1033 1812 forsan
1046 1773 1124 1813 more
1138 1755 1187 1815 suo
1199 1756 1371 1819 Diomedem
1399 1759 1403 1775 ¹

377 1873 443 1915 eum
463 1848 640 1930 interpretati
662 1845 733 1905 sumt.
773 1845 882 1902 Verum
895 1862 912 1901 a
925 1842 1043 1903 ntehac
1062 1862 1097 1902 eo
1110 1864 1183 1905 nunc
1200 1865 1372 1909 commemo-

378 1960 488 2009 rantur,
508 1958 539 2000 ut
559 1935 744 2017 intelligatur,
764 1933 891 1999 fabulam
910 1932 947 1990 de
960 1933 1110 1992 Diomedis
1122 1935 1152 1995 in
1165 1938 1248 1997 Italia
1260 1937 1370 1999 sedibus

379 2038 459 2096 fuisse
468 2036 531 2095 satis
543 2022 668 2093 nobilem
678 2028 754 2087 inter
763 2042 886 2094 veteres,
896 2041 927 2084 ut
937 2029 1022 2105 posta
1032 2046 1067 2085 ea
1077 2028 1119 2089 uti
1130 2030 1256 2110 potuerit
1268 2053 1278 2101 3
1292 2032 1372 2097 usum

379 2141 474 2192 autem
492 2126 545 2185 esse
560 2141 596 2182 ea
608 2121 725 2202 postam
742 2116 780 2177 ad
794 2114 984 2190 narrationem
998 2116 1163 2196 variandam
1175 2137 1205 2181 et
1217 2120 1372 2196 ‹2th

379 2212 603 2292 accommodate.

634 2509 1005 2588 EXCURSUS
1062 2524 1106 2592 11.

745 2714 803 2786 De
829 2713 982 2786 Camillo.
1026 2723 1031 2734 ’

341 2930 344 2935 ’
426 2923 482 2995 XI,
503 2944 558 3004 53²
573 2924 634 3004 sqq.
677 2946 734 3004 539
748 2924 808 3005 sqq.
823 2924 913 3002 Pulsus
925 2924 955 2983 ob
969 2927 1111 2984 invidiam.
1145 2917 1307 3000 Episodium
1319 2917 1381 2978 bon

387 3017 474 3092 poeta
487 3033 521 3071 ex
534 3012 657 3092 antiquis
670 3016 806 3073 Italorum
827 3014 946 3073 historiis
966 3013 1011 3072 seu
1021 3013 1127 3071 'sabulis
1140 3009 1311 3070 contexuisse
1322 3028 1376 3086 pu-

389 3103 491 3162 tandus
504 3105 551 3163 est.
566 3179 569 3186 ι
592 3105 637 3161 Ex
652 3103 752 3162 Servio
766 3104 801 3161 ad
817 3123 847 3161 v.
862 3104 919 3182 567
941 3104 1040 3183 colligi
1054 3104 1153 3182 potest,
1165 3101 1302 3159 Catonem
1316 3101 1377 3158 baec

389 3193 471 3269 latius
486 3194 538 3252 esse
548 3193 723 3270 persecutum
735 3193 763 3251 in
782 3194 904 3272 Origg„
922 3215 984 3270 quae
1000 3194 1058 3274 ipsa
1069 3215 1111 3252 res
1123 3192 1253 3253 excusare
1265 3203 1378 3269 poterat
1477 3195 1480 3203 '
1492 3184 1494 3198 ’

391 3282 496 3341 fassum
511 3303 609 3361 parum
623 3283 807 3361 probabiliter
828 3299 984 3350 narratum,
1009 3300 1040 3343 ut
1063 3286 1141 3342 haslae
1168 3283 1311 3360 alligatam
1336 3281 1379 3339 in·

392 3370 499 3431 fantem
522 3388 597 3430 trans
619 3391 730 3430 amnem
754 3373 850 3448 jacere
871 3373 971 3452 aliquia
986 3374 1127 3440 maluerit,
1148 3392 1231 3452 quant
1251 3391 1315 3431 curn
1330 3370 1383 3440 illa
1498 3443 1502 3451 ⁶

390 3461 514 3520 humeris
526 3476 573 3521 aut
586 3478 669 3541 tergo
678 3461 788 3540 illigata
799 3463 941 3522 transnare
954 3484 1074 3523 amnem.
1117 3463 1202 3541 Quod
1210 3462 1245 3521 de
1257 3462 1377 3539 Pyrrho,

390 3553 474 3632 Epiri
487 3574 566 3633 rege,
579 3574 668 3631 puero
682 3570 825 3613 narratum
839 3556 918 3615 aiunt
935 3555 1032 3622 simile,
1045 3555 1127 3639 plane
1143 3554 1279 3614 diversum
1293 3552 1378 3621 est,fi

391 3645 572 3702 Plutarchum
587 3643 726 3723 inspicias.
766 3645 901 3704 Diversus
915 3661 1007 3705 autem
1022 3645 1117 3722 utique
1131 3641 1177 3704 bic
1190 3645 1323 3704 Metabus
1336 3641 1375 3701 ab

390 3755 437 3810 eo,
462 3734 510 3811 qui
525 3754 561 3792 ex
582 3733 673 3809 Troja
687 3734 774 3793 redux
788 3737 987 3815 Metapontum
1001 3735 1030 3795 in
1044 3752 1170 3794 extrema
1182 3735 1266 3793 ltalia
1276 3731 1377 3793 condi'-

391 3824 459 3883 disse
480 3824 631 3882 serebatur.
672 3821 711 3892 Io,
732 3825 768 3881 de
790 3845 846 3902 quo
867 3827 913 3884 hic
934 3826 1040 3904 agitur,
1068 3845 1118 3884 rex
1139 3825 1276 3890 Priuerni,
1299 3822 1376 3903 quod

392 3915 557 3987 Volscorurn
567 3913 701 3993 oppidu'm
715 3914 768 3973 suit
793 3921 879 3993 (nunc
894 3918 971 3977 vicus
984 3920 1124 3995 Piperno),
1144 3937 1196 3994 per
1214 3915 1377 3974 seditionem

392 4024 411 4084 a
430 4003 484 4062 suis
500 4004 603 4081 pulsus,
618 4003 740 4062 Camilla
752 4005 807 4062 filia
826 4005 933 4065 infante
945 4008 1035 4064 secum
1049 4006 1143 4071 dusla,
1169 4004 1307 4063 Amaseno
1320 4016 1378 4062 tta-

390 4098 478 4175 jeslo,
501 4096 529 4155 in
550 4095 624 4154 srlvia
644 4095 874 4156 educauitfisiam
887 4098 987 4157 Dianae
1006 4099 1204 4157 consecratam.
1243 4096 1310 4154 Non
1323 4095 1382 4154 im·.
1438 4140 1441 4146 .

393 4203 517 4268 portuna
536 4188 573 4245 esl
592 4187 687 4245 subula
701 4187 736 4245 ad
752 4188 914 4247 variandam
929 4188 1116 4248 narrationem
1130 4188 1165 4246 de
1175 4187 1277 4246 bellico
1290 4206 1380 4265 appa·

393 4278 468 4351 satu,
491 4292 520 4335 et
533 4291 610 4336 tenet
623 4276 746 4335 animum
765 4279 958 4355 expedlatione
976 4277 1096 4337 fatorum
1117 4277 1255 4343 Camilla,
1274 4276 1309 4334 de
1323 4295 1380 4357 qua

393 4366 583 4448 narrationem
598 4387 671 4426 nunc
679 4367 796 4426 instituit
810 4371 905 4446 po‘e'ta.
945 4367 1056 4427 Interea
1067 4367 1132 4427 huic
1143 4367 1268 4445 episodio
1281 4369 1381 4428 ultima

394 4461 485 4535 poetae
498 4476 596 4515 manus
617 4476 673 4515 non
686 4458 800 4515 admota
813 4459 866 4517 esse
882 4456 1003 4523 videtur,
1027 4478 1091 4517 curn
1106 4458 1230 4517 narratio
1242 4478 1306 4517 cum
1321 4460 1394 4537 ipso,

392 4547 519 4606 AEneidia
532 4562 698 4622 argumento
718 4546 832 4606 omnino
845 4566 900 4605 non
914 4546 978 4605 satio
996 4548 1145 4613 coaluerit,
1169 4549 1242 4625 Opis
1256 4566 1351 4607 autern
1363 4569 1382 4608 a

399 4640 510 4716 Junone
523 4637 608 4696 missae
622 4635 803 4718 ministerium
812 4637 860 4696 vix
870 4658 946 4704 eum,
966 4657 1050 4715 quem
1064 4639 1289 4717 expeslabamus,
1302 4640 1386 4700 effec-

393 4746 456 4813 tum
476 4730 589 4788 habeat.
630 4726 697 4786 Non
715 4744 828 4806 poterat
847 4749 864 4788 a
877 4742 967 4799 morte
981 4728 1061 4788 fatali
1074 4727 1219 4787 vindicare
1233 4728 1385 4788 Camillam

394 4822 473 4882 suam
491 4821 607 4889 Diana;
627 4832 658 4877 ut
680 4838 731 4878 uec
757 4819 869 4898 Jupiter
892 4819 1097 4898 Sarpedonem,
1117 4838 1170 4878 nec
1190 4817 1297 4879 ellidii
1315 4819 1386 4879 aliur

395 4915 515 4977 beroso:
537 4909 623 4992 Quod
634 4925 727 4970 tamen
741 4911 816 4971 idem
832 4909 946 4990 Jupiter
957 4908 987 4969 in
1001 4908 1164 4989 Sarpedone
1175 4910 1224 4971 sbi
1236 4909 1321 4969 licere
1331 4911 1386 4980 ait,

396 5006 530 5101 quodque
547 5003 634 5066 etiam
650 5001 793 5087 providet,
808 5001 906 5086 utejua
918 5020 1032 5084 corpur,
1055 5000 1168 5067 visionis
1181 5000 1303 5063 ludibrio
1321 5001 1385 5062 sub·

1000 5118 1010 5134 ⁹
1259 5089 1386 5160 duam.
