3475 6234
272 602 274 604 ,
433 579 450 607 4
469 573 503 581 ,-
506 557 650 583 ........
700 537 814 583 arant
829 531 911 585 ante
935 540 953 586 c

219 632 310 727 mpla
327 648 485 705 veterum
503 631 727 730 scriptorum,
746 635 937 732 inquibus,
954 678 956 701 .

225 759 304 829 loco
322 757 515 852 speciarent
533 777 567 829 et
584 759 699 831 editor
711 778 745 830 et
758 759 932 849 librarius,
949 791 960 834 <

219 880 330 952 >culos
347 880 488 967 rediret,
505 880 567 952 etii
579 882 718 955 acceffit
729 883 835 957 bonae
845 887 956 981 frugis

219 1031 238 1091 ι,
253 1003 420 1077 οῆἒᾶυιη
435 1021 552 1075 tamen
567 1002 627 1093 est,
646 1023 685 1076 ut
702 1006 746 1093 ei,
757 1007 854 1102 quod
871 1008 907 1078 in
920 1033 967 1081 no

229 1126 486 1227 expefflndum
498 1147 533 1202 et
543 1130 741 1231 optandum
752 1150 837 1220 erat,
854 1132 970 1207 satisfa

219 1275 275 1327 nn
291 1270 352 1325 aut
367 1252 471 1343 nihil,
486 1252 549 1327 etsi
565 1276 649 1326 cum
666 1270 846 1327 emtorum
861 1256 974 1355 impet

219 1374 291 1451 lica
307 1376 341 1448 in
358 1374 489 1451 librum
507 1378 696 1477 eroganda.
745 1375 907 1451 Omnino
921 1404 962 1453 ea

219 1516 315 1573 ntata
327 1500 417 1603 mio
426 1500 472 1572 ab
482 1500 677 1575 editoribus
691 1498 914 1600 sup'eriomm
923 1520 983 1577 ten

220 1647 286 1698 :um
303 1646 375 1697 non
391 1624 582 1708 omnibus;
616 1624 641 1695 fi
660 1624 859 1699 Gesnerurn
878 1626 982 1717 sorte,

219 1747 263 1845 gis
279 1744 482 1821 Ernestium
499 1744 658 1843 excipias
667 1778 679 1831 ς
697 1762 737 1819 ut
759 1764 821 1819 aut
838 1749 989 1821 critican

219 1890 299 1957 tem,
316 1869 351 1941 in
370 1869 486 1942 verbis
503 1868 651 1955 scilicet,
667 1890 711 1941 ne
726 1866 764 1939 in
781 1866 994 1967 sententiisq

219 1992 415 2091 indignam
425 2010 590 2091 putarent
600 1990 678 2063 viro
691 1989 820 2075 ἀοᾶος
839 2010 901 2065 aut
911 1996 997 2068 notis

219 2147 230 2194 ι
257 2120 294 2192 i'n
311 2122 424 2193 unuin
444 2118 605 2205 cinnum,
631 2115 688 2188 seu
707 2117 745 2189 in
763 2115 925 2207 saturam,
951 2142 998 2193 co

219 2258 392 2318 notumve
408 2260 508 2314 more
522 2241 613 2314 inter
623 2239 657 2313 se
674 2238 840 2328 consutis,
858 2242 908 2314 ita
922 2243 998 2318 inte}

219 2368 238 2441 ii
255 2367 290 2441 se
306 2365 515 2441 consuluisse
531 2365 738 2448 crederent;
762 2384 824 2437 aut
837 2385 877 2439 ut
894 2364 998 2439 subin

219 2508 347 2565 orreret
363 2490 476 2565 oculis
489 2512 559 2561 vox
575 2512 651 2561 rara
676 2506 711 2562 et
735 2486 921 2585 exquifita,
938 2485 998 2560 fon

219 2612 516 2700 iendidodiiorfin
529 2612 620 2682 hanc
630 2610 827 2684 involarent
837 2631 870 2683 et
884 2636 998 2709 exem1

219 2735 327 2835 gerie,
346 2736 526 2809 interdum
538 2732 798 2832 sexcentisjam
816 2735 851 2806 in
869 2734 998 2808 locisci

219 2880 401 2960 tamquam
421 2864 592 2935 Caeneum
606 2862 641 2933 in
654 2861 784 2950 fabula,
793 2860 998 2935 obruerent:
