3475 6234
550 843 865 941 autumnos,
892 800 1014 928 utu
1048 851 1099 927 x.
1253 859 1325 957 4⁸7

339 1048 446 1125 Dona
460 1048 573 1146 prius.
625 1048 740 1136 Dixit,
755 1048 940 1145 telumque
955 1048 1092 1124 intorfir
1108 1049 1146 1123 in
1161 1047 1299 1121 hostem
1308 1080 1321 1132 ς

339 1181 429 1256 Inde
444 1182 542 1255 aliud
555 1182 658 1279 super
673 1199 779 1277 atque
794 1179 892 1253 aliud
904 1181 1067 1278 figitque,
1083 1180 1249 1277 volatque
1304 1258 1308 1264 ,

339 1313 484 1411 Ingenti
500 1338 610 1411 gyro:
637 1314 696 1386 sed
713 1314 857 1387 sustinet
868 1338 992 1387 aureus
1006 1316 1128 1386 umbo.

341 1450 417 1525 Ter
427 1455 563 1526 circum
573 1454 768 1525 adstantem
779 1454 888 1525 laevos
900 1453 1073 1549 equitavit
1084 1453 1121 1524 in
1131 1453 1319 1553 orbis,885
1403 1426 1408 1433 .

239 1624 241 1629 ·
341 1588 434 1664 Tela
447 1588 722 1688 manujaciens;
749 1604 804 1658 ter
820 1586 939 1661 seeum
957 1588 1087 1660 Troius
1100 1588 1202 1660 heros
1305 1637 1307 1643 ,

342 1731 531 1804 Iomanem
549 1741 657 1795 aerato
675 1721 880 1796 circumfert
897 1723 1056 1817 tegmine
1072 1720 1221 1823 filvam.¹
1264 1689 1267 1706 Ι

344 1866 434 1938 Inde
448 1861 511 1934 ubi
528 1878 581 1931 tot
598 1856 737 1930 traxisse
755 1880 881 1943 moras,
897 1872 951 1926 tot
968 1854 1102 1953 spicula
1118 1857 1228 1931 taedet

347 1998 498 2083 Vellere,
522 2013 557 2065 et
574 2009 743 2088 urguetur
758 2013 879 2087 pugna
895 1990 1094 2086 congressus
1111 1991 1257 2089 iniqua:

346 2133 467 2217 Multa
477 2154 623 2202 movens
633 2124 846 2223 anim0,jam
858 2125 1001 2198 tandem
1012 2127 1326 2223 erumpit,etinter

345 2270 526 2345 Bellatoris
543 2267 624 2365 equi
639 2290 725 2338 cava
742 2282 905 2358 tempora
918 2259 1065 2360 conjicit
1081 2263 1225 2338 hastam.
1255 2272 1319 2366 891

347 2416 441 2472 Moret.
453 2441 493 2488 qu,
505 2427 568 2472 Verr.
581 2434 606 2471 et
617 2421 694 2472 Goth.
714 2420 775 2470 alter
786 2437 841 2469 eum
851 2420 905 2469 edd.
925 2431 985 2470 vett.
1018 2421 1086 2469 Turn
1095 2421 1178 2473 Heius
1194 2425 1325 2477 emendan-

346 2499 406 2549 ‹lum
417 2501 464 2550 effe
474 2502 552 2550 censet
565 2516 571 2549 :
597 2515 621 2549 as
632 2502 695 2559 baec;
715 2498 780 2563 quod
791 2510 815 2546 et
832 2497 910 2562 ipsum
925 2496 1065 2562 elegantius.
1097 2498 1135 2546 Sie
1146 2510 1171 2548 et
1184 2501 1326 2552 Waddelius

347 2576 465 2626 maluerat
477 2578 540 2642 apud
550 2575 753 2636 Burm.-883.
766 2577 862 2642 figitque
872 2575 1014 2640 volutaeque:
1031 2573 1065 2622 ita
1076 2575 1159 2623 Heius.
1170 2592 1183 2624 e
1196 2578 1323 2628 Gudarn.

347 2669 395 2719 pr.,
410 2654 436 2703 in
456 2671 504 2719 quo
524 2655 604 2703 virum
626 2653 777 2719 ingeniosum
797 2649 956 2714 exquisitioris
972 2649 1082 2699 lediionis
1092 2651 1168 2700 studio
1184 2670 1268 2705 auram
1278 2673 1325 2724 pro

347 2732 443 2797 Junone
458 2732 595 2798 amplexum
613 2729 659 2780 else
678 2730 758 2780 nullus
774 2728 866 2778 dubito.
901 2730 966 2776 Nam
984 2727 1091 2792 primum
1110 2730 1216 2781 Gudiani
1233 2733 1327 2785 librarii

348 2807 427 2873 lapsus
437 2807 477 2856 ille
490 2807 532 2865 ell,
549 2822 597 2855 non
609 2805 681 2855 ledlio
696 2821 702 2853 :
721 2818 774 2854 tum
785 2804 837 2869 post
848 2804 904 2870 figit
920 2804 1086 2868 importunum
1097 2807 1130 2854 est
1145 2808 1232 2858 volutat
1245 2814 1326 2878 ingessi

344 2903 412 2956 gyro,
428 2885 493 2949 quod
504 2885 534 2934 de
545 2883 611 2932 halla
620 2883 704 2932 librata
716 2882 821 2946 accipere
829 2880 919 2930 neeelle
930 2881 972 2940 est,
987 2893 1015 2931 ut
1029 2883 1115 2932 volutas
1132 2882 1158 2932 lit
1168 2900 1221 2949 pro,
1238 2889 1327 2946 volvit,

347 2969 422 3009 rotat.
457 2960 567 3006 Tandem
579 2973 650 3006 nemo
662 2957 735 3016 dieat,
750 2957 808 3021 quid
819 2956 844 3005 in
855 2956 954 3021 vulgata
964 2955 1086 3022 displicere
1100 2959 1177 3023 pollit,
1186 2977 1325 3025 quamam.

349 3051 392 3084 nes
410 3034 481 3082 codd.
504 3033 645 3083 vetustiores
664 3034 793 3083 exhibent=
816 3035 919 3101 volatque
936 3038 1014 3100 ingesti
1032 3051 1095 3100 gyro,
1109 3037 1183 3099 quod,
1196 3037 1325 3104 suomore,

349 3118 425 3178 poeta
437 3128 494 3161 mox
506 3111 615 3160 disertius
626 3121 650 3160 et
662 3111 768 3159 ornatius
779 3111 892 3176 exponit:
909 3125 942 3160 ter
951 3115 1028 3160 circum
1039 3130 1062 3160 a.
1076 3122 1121 3160 etc.
1156 3114 1182 3161 ln
1203 3117 1326 3176 Medieeo,

351 3188 418 3253 quod
429 3203 477 3236 non
487 3186 532 3235 elle
543 3187 734 3236 animadversum
743 3186 827 3244 miror,
838 3186 1012 3251 scriptumest:
1026 3187 1132 3254 fugitque
1144 3188 1197 3250 (etsi
1208 3207 1222 3238 a
1234 3207 1267 3240 ιιι.
1276 3193 1325 3247 see.

350 3268 483 3333 mutatum)
497 3269 606 3335 volatque.
641 3268 679 3315 Sic
690 3280 713 3316 et
722 3266 787 3324 Voss.
807 3280 830 3316 et
839 3280 898 3317 vett.
911 3265 974 3326 edd..
989 3268 1024 3316 uti
1036 3269 1098 3316 Ven.
1114 3270 1184 3328 1484.
1199 3274 1328 3337 atquehoc

350 3344 452 3397 mirifice
463 3344 555 3408 placere
567 3344 653 3409 potell,
671 3357 697 3394 ut
708 3345 752 3394 lit:
778 3347 883 3412 solumque
898 3348 977 3411 interfit
988 3350 1009 3394 in
1022 3347 1094 3412 hostem
1107 3366 1116 3396 .·
1131 3350 1184 3398 Inde
1194 3351 1257 3401 aliud
1262 3353 1327 3422 saper

349 3440 415 3492 atque
425 3422 488 3472 aliud
498 3441 507 3470 .-
517 3423 624 3488 fugitque
635 3423 738 3488 volatque
748 3425 833 3489 Ingenti
840 3441 903 3489 gyro.
938 3425 1118 3472 invenerat:
1142 3428 1261 3495 aliudque:
1279 3433 1329 3499 su·

347 3505 425 3567 gitque
439 3499 551 3564 volatque,
566 3499 632 3562 quod
646 3498 824 3563 interpolatoris
835 3500 878 3559 est,
893 3500 935 3564 qui
951 3515 1000 3548 non
1017 3500 1109 3548 viderat
1119 3506 1269 3566 praeteritum
1280 3509 1327 3560 effe

351 3584 535 3647 tempuspoetae
548 3578 572 3625 in
584 3578 621 3627 his
632 3577 747 3628 sollenne.
781 3582 808 3627 ln
821 3580 892 3629 Leid.
906 3591 956 3628 erat
966 3581 1070 3646 fixitque,
1086 3597 1114 3629 cr
1131 3581 1201 3631 fimili
1212 3586 1325 3652 stupore,

351 3660 408 3725 quia
423 3655 585 3721 praecelseratr
610 3657 697 3720 interfit.
724 3658 820 3724 figitque
836 3669 918 3705 tamen
935 3657 1053 3705 librorum
1065 3658 1188 3707 cousensus
1203 3674 1294 3726 tuetur,
1311 3684 1327 3717 a

352 3735 436 3802 quoin
448 3733 520 3780 hiset
531 3732 645 3780 similibus
656 3733 765 3782 standum
784 3733 826 3792 eli,
848 3733 943 3796 quando
963 3744 1063 3795 utraque
1080 3733 1153 3782 ledio
1170 3735 1242 3787 habet
1261 3742 1328 3806 quod

350 3810 448 3881 probari
463 3808 662 3875 polilt—884.
681 3827 749 3860 aererrs
762 3811 821 3860 subo
838 3810 931 3860 Medic.
954 3823 978 3858 et
998 3810 1062 3857 Gud.
1080 3810 1129 3859 vid.
1144 3811 1201 3877 sup.
1219 3816 1249 3865 ad
1269 3832 1326 3882 271.

353 3886 449 3936 -88
451 3901 475 3947 5.
492 3887 547 3935 ‘sum
557 3888 638 3934 Franc.
672 3891 749 3935 circum
760 3887 847 3952 orestem
864 3886 938 3936 Goth.
950 3898 1015 3942 tem,
1023 3902 1050 3933 ex
1061 3885 1152 3935 librarii
1161 3888 1329 3945 inscitia.··-.

353 3966 410 4028 887.
421 3967 508 4029 tegmine
518 3974 543 4010 et
551 3978 595 4028 pro
602 3979 652 4011 var.
661 3962 717 4011 leet.
727 3967 809 4030 aguirre
818 3961 1004 4011 Gud.-888.
1017 3966 1109 4031 trarfiffl
1120 3966 1202 4018 Frauc.
1215 3982 1239 4018 et
1248 3972 1326 4026 Goth.

352 4053 419 4100 tert,
434 4037 539 4088 mdoote.
569 4040 606 4103 rifi
621 4058 631 4086 e
647 4039 850 4107 Bigot.—89o.
866 4044 936 4108 erupis
951 4052 1000 4087 tres
1017 4040 1098 4089 Burrn.
1132 4046 1190 4092 intra
1206 4047 1270 4098 Ven.

353 4172 383 4231 in
395 4184 497 4250 partem
510 4188 566 4226 non
586 4167 720 4224 modoob
738 4180 815 4226 natu·
865 4184 892 4227 et
905 4170 976 4227 hunc
987 4169 1098 4246 quidem
1120 4174 1173 4250 887
1187 4192 1329 4241 oneratum
1373 4192 1379 4202 ⁴

352 4251 435 4307 ralern
448 4246 511 4324 equi
538 4246 636 4303 flexum
656 4245 685 4301 in
708 4246 816 4314 laevum,
866 4247 956 4305 infixis
968 4247 1071 4305 hallis:
1105 4249 1128 4306 is
1140 4269 1279 4328 exceperat
1300 4271 1329 4317 et

352 4326 399 4385 sed
411 4326 474 4383 ideo
485 4322 601 4380 maxime
614 4320 763 4398 equitabat,
775 4338 817 4393 ut,
866 4323 1023 4382 sullinuerat
1036 4327 1098 4382 tela.

346 4400 526 4482 *ipselaevacli
549 4399 817 4465 „orestusmdextra
905 4405 970 4478 889.
994 4417 1034 4489 pu
1053 4427 1087 4460 na
1112 4411 1207 4482 iniquo,
1233 4422 1329 4469 contra

352 4479 490 4556 expedita,
504 4419 606 4544 stitisse,
619 4476 667 4550 qui
677 4475 702 4532 ei
716 4477 817 4555 semper
864 4478 983 4555 equitem
993 4497 1021 4555 sp
1032 4498 1047 4534 e
1059 4480 1148 4556 pedes.
1188 4487 1253 4559 891.
1266 4502 1330 4547 sem.

353 4560 452 4615 alaeva
465 4555 494 4613 in
519 4554 647 4611 interiore
668 4555 731 4630 gyri
750 4554 817 4612 orbe
861 4573 927 4632 pora
940 4560 1006 4634 troji
1017 4560 1047 4612 ri.
1077 4557 1330 4635 Comparanttimi.

352 4635 448 4699 stabat,
471 4633 597 4689 dextrum
618 4632 686 4688 latus
706 4646 817 4710 peteret,
867 4633 921 4690 lem
942 4633 1033 4690 locum
1055 4634 1136 4692 Iliad.
1156 4635 1186 4705 ὃ,
1208 4642 1255 4707 81,
1281 4644 1331 4705 ubi

353 4711 428 4788 quod
442 4730 458 4766 a
469 4708 558 4786 clipeo
570 4708 669 4766 tetlum
684 4728 738 4767 non
751 4722 818 4767 erat.
868 4707 992 4767 Nestoris
1000 4730 1083 4801 equus
1094 4712 1213 4795 παςῇοςος
1227 4719 1333 4790 (tertius

352 4789 514 4852 SsdAEneas
522 4784 641 4866 clipeum
649 4784 819 4854 circumseri,
867 4785 987 4866 adjoslus
1003 4786 1087 4869 bsgls,
1112 4792 1233 4871 mugiit,
1255 4794 1330 4856 idem

1290 4875 1342 4955 qui
