3475 6234
510 871 1082 974 instruuntur·
1188 866 1276 1003 '1⁶3

287 1090 379 1173 bptnt'n
391 1090 441 1162 est,
452 1106 482 1152 et
494 1090 597 1151 idoneo
606 1090 693 1151 fundo
703 1087 787 1152 csre't.
826 1090 980 1173 Virgilium
993 1102 1056 1156 crim
1068 1098 1146 1175 Juiio
1158 1099 1276 1180 Hygino

291 1178 427 1242 Hernicos
439 1181 476 1243 ab
494 1181 631 1248 Hernico,
651 1182 723 1267 duce
742 1181 865 1261 Pelasgo,
879 1185 989 1254 ducere,
1009 1187 1139 1265 nusquam
1155 1208 1274 1269 apparet.

290 1271 316 1333 si
327 1289 420 1331 tamen
432 1273 562 1342 duxisset,
580 1272 662 1330 nimir
674 1273 757 1350 longe
768 1272 853 1351 petita
867 1280 908 1332 'res
920 1291 989 1345 erar,
999 1287 1140 1355 propterea
1150 1281 1224 1357 quod
1237 1284 1274 1340 ab

291 1358 413 1440 Pelasgis
422 1360 508 1420 AEsoli
520 1380 631 1440 quoque
642 1358 754 1419 oriundi
762 1378 849 1430 erunt,
862 1364 1006 1425 transferre
1015 1366 1050 1423 a'd
1065 1365 1212 1436 Hernicos,
1225 1368 1275 1447 qui
1331 1364 1335 1377 ¹

288 1454 360 1513 nibil
374 1474 439 1512 cunt
450 1453 549 1513 AEtulis
567 1472 711 1511 commune
737 1453 849 1524 habent,
870 1476 913 1525 ea,
936 1477 996 1535 quae
1007 1459 1042 1516 de
1053 1459 1154 1520 AEtolis
1167 1476 1275 1519 narrata

287 1542 360 1603 sunt.
400 1542 453 1603 sed
469 1562 518 1602 nec
532 1544 672 1622 Virgilius
690 1542 821 1602 Hernicis
839 1544 870 1603 id
890 1547 1025 1626 praecipue
1036 1546 1147 1616 tribuit,
1169 1564 1199 1607 ut
1217 1567 1273 1607 uno

286 1633 355 1712 pede
374 1634 505 1702 alento,
528 1637 615 1693 altero
637 1634 724 1700 nudo,
744 1634 883 1704 incedant,
903 1656 996 1696 verum
1009 1637 1123 1697 omnino
1137 1638 1273 1699 Praenessis

288 1740 383 1781 notum
404 1738 434 1781 et
452 1721 590 1782 sociorum
610 1723 735 1802 agmini:
756 1742 844 1802 neque
856 1724 904 1783 iile
915 1724 1101 1785 habitusadoo
1120 1725 1272 1788 insolenser

288 1812 321 1870 ad
335 1812 554 1892 excogitandum
573 1813 694 1871 difficilis
704 1827 772 1879 erat,
796 1829 826 1873 ut
838 1817 926 1892 po'e'tae
937 1815 967 1874 in
978 1815 1099 1875 animum
1111 1815 1203 1875 venire
1214 1836 1270 1877 nun

288 1902 389 1978 puiset3
410 1902 521 1961 tandem
531 1919 559 1960 et
573 1901 602 1959 in
611 1921 645 1958 eo
658 1901 762 1960 fallitur
775 1900 948 1975 Macrobius,
967 1907 1043 1985 quod
1061 1905 1126 1964 bunc
1142 1928 1231 1965 marest
1243 1917 1271 1967 in

289 1990 461 2071 iulr'nsnr'ffl,
481 2008 510 2050 ut
521 2011 569 2050 uno
579 1993 640 2068 pede
651 1992 770 2058 calceato,
784 1992 863 2051 nltm
872 1997 947 2062 nudo,
959 1996 1085 2054 iteturtrd
1094 1994 1196 2063 bellum,
1212 2000 1272 2073 uqs-

289 2094 361 2161 μὴ
384 2098 521 2161 repererat.
562 2080 637 2139 Nam
663 2081 784 2139 occurrit
803 2082 964 2159 illepsffim,
988 2100 1018 2141 ur
1032 2083 1270 2144 inGraecisficirr

290 2164 410 2228 Etruscis
421 2168 617 2237 monumentis,
630 2169 754 2248 inprimis
765 2172 794 2228 in
813 2169 891 2237 vasu,
910 2187 941 2230 ut
954 2172 1025 2251 apud
1040 2171 1227 2250 Dempflerum
1238 2175 1269 2234 in
1312 2198 1317 2211 ’

289 2256 396 2317 Etruria
410 2258 496 2336 regali
509 2275 531 2317 t.
551 2280 591 2337 90
603 2258 665 2317 inf.
705 2257 840 2318 Guattuni
853 2259 982 2318 Monum.
1003 2260 1076 2318 ined.
1092 2261 1161 2318 Ant.
1185 2269 1269 2341 ¹787⁵

287 2358 313 2429 p.
331 2368 368 2425 43
388 2348 433 2426 sq.
474 2348 570 2419 Porro,
589 2366 620 2408 ut
638 2349 702 2408 Silii
721 2348 903 2409 imitationem
922 2352 1060 2416 omittam,
1084 2350 1132 2428 qui
1149 2351 1197 2419 dot
1212 2350 1267 2411 lib.

286 2434 366 2506 vm,
379 2458 433 2516 42¹
459 2438 568 2498 Sabinis
585 2439 655 2498 Iaevo
666 2448 776 2516 trgmr'na
788 2462 873 2508 crure,
891 2439 963 2516 apud
974 2437 1085 2497 Livium
1094 2440 1268 2517 quoqueIX,

286 2546 323 2605 4ο
340 2527 507 2589 Samnitium
518 2543 654 2589 armatura
664 2527 798 2605 ejusmodi
807 2544 941 2598 narratur,
954 2544 985 2587 ut
993 2532 1122 2607 ſsnssrm
1131 2552 1187 2592 mu
1199 2552 1270 2590 screa

284 2626 370 2677 Ιεθιι
393 2618 524 2678 bahem
563 2616 623 2697 Qui
647 2616 724 2674 locus
750 2617 905 2676 Aristotelis
925 2619 1043 2677 censurae
1064 2617 1148 2676 robur
1169 2620 1270 2680 addere

283 2702 406 2777 ridetur,
427 2710 476 2787 qui
497 2706 657 2786 Euripidem
670 2706 889 2785 reprehenderat,
903 2706 979 2784 quod
998 2708 1094 2766 levum
1107 2708 1203 2786 pedem
1216 2728 1267 2767 nu·
1341 2724 1345 2731 “

285 2796 370 2871 dum,
394 2799 519 2860 dextrum
539 2812 691 2866 ocreatum,
713 2799 845 2856 tribuerat
865 2798 973 2857 Thestii
993 2799 1089 2857 liberis
1110 2799 1267 2861 AEtolorum

284 2904 365 2962 mse
376 2913 387 2959 ;
417 2907 478 2948 nam
499 2888 571 2968 apud
595 2888 645 2946 hos
659 2885 826 2948 contrarium
840 2906 943 2946 morem
957 2887 1101 2947 obtinuisse
1122 2889 1172 2964 [ita
1192 2890 1267 2950 ertim

283 2976 441 3039 Aristotelis
453 2979 533 3036 rerba
544 2977 579 3035 ab
594 2975 751 3055 Euripidtis
762 2976 902 3056 sejungo),
923 2992 951 3036 et
969 2976 999 3035 id
1019 2977 1131 3056 quidem
1148 2979 1266 3049 meritos

283 3084 336 3128 non
349 3067 424 3127 enim
438 3069 547 3137 laevum,
570 3068 616 3125 sed
634 3066 761 3124 dextrum
783 3069 891 3145 perlem,
916 3082 1052 3145 tamquam
1064 3066 1227 3126 anteriorem
1237 3085 1267 3129 es

282 3158 515 3238 pagrcdientem,
533 3158 636 3214 nudum
655 3170 682 3214 et
702 3154 861 3233 expeditum
873 3156 924 3213 effe
939 3154 1048 3215 debere.
1086 3154 1267 3216 Contrarium

282 3262 371 3306 tamen
383 3246 513 3326 sequutus
530 3247 566 3303 est
580 3245 728 3323 Virgilius,
749 3264 799 3303 nec
816 3245 907 3302 minus
917 3246 996 3305 reiis.
1037 3243 1112 3302 Nam
1127 3243 1269 3323 Euripidis

283 3338 449 3418 reprebenfio
461 3338 570 3419 proprie
583 3338 618 3394 ad
632 3336 764 3395 tationem
780 3334 913 3411 adjectam
933 3338 963 3395 ὥς
975 3335 1102 3413 ἰλαφςίζω
1114 3340 1170 3409 γόνυ
1184 3342 1266 3414 ἔχων

281 3427 415 3508 spuflnnr:
447 3444 475 3485 et
488 3426 620 3485 sinistrum
640 3445 700 3485 crus
714 3426 783 3484 reste
798 3424 894 3483 nudari
913 3426 1016 3502 potuit,
1041 3426 1266 3504 quandoquidem

284 3516 355 3579 ituro
364 3517 520 3598 tegebatur.
554 3517 598 3575 lta
611 3516 645 3573 dc
659 3516 747 3595 prisca
761 3513 949 3572 Romanorum
962 3514 1066 3574 militia
1073 3515 1206 3594 Vrgetius
1214 3515 1265 3576 lib.

285 3611 312 3677 Ι,
322 3630 347 3670 c.
358 3630 399 3669 ao
419 3611 520 3667 Pedites
522 3613 624 3685 scutati
628 3622 726 3683 preter
736 3604 916 3681 rarapbrn‘ras
927 3620 952 3661 et
957 3604 1060 3684 galeas,
1071 3616 1148 3665 etiarn
1159 3613 1266 3684 ferreas

283 3722 358 3760 serm
370 3699 399 3757 in
412 3698 518 3757 dextris
528 3696 653 3754 cruribus
670 3711 810 3777 cogerenter
821 3703 943 3770 accipere.
963 3692 1040 3752 conf.
1053 3693 1130 3772 Lips.
1142 3695 1177 3752 de
1187 3695 1266 3753 Mili-

284 3789 319 3847 tia
328 3788 481 3847 Romanor.
491 3786 548 3852 111,
562 3807 592 3865 7.
631 3784 757 3863 Utraque
773 3784 842 3843 adeo
853 3781 925 3840 ratio
937 3782 986 3840 usu
1003 3782 1154 3841 etconstlio
1167 3783 1265 3844 desen·

284 3877 364 3939 ditur.
402 3876 480 3935 Nam
498 3895 549 3934 nec
562 3876 652 3934 minus
671 3875 757 3932 levus
775 3889 831 3951 pes,
850 3868 942 3951 quiin
959 3873 1047 3949 gradu
1066 3869 1174 3930 militari
1185 3879 1266 3952 jacu-

284 3968 354 4029 latis
372 3968 423 4027 trel
435 3973 565 4047 sagittam
585 3975 719 4025 emittentis
741 3974 852 4023 πηνίον
872 3963 919 4032 est,
940 3982 1003 4020 cum
1026 3961 1103 4019 scuto
1125 3962 1182 4042 tegi
1203 3985 1261 4024 oon

285 4060 369 4136 podet,
393 4078 475 4117 ocrea
500 4050 601 4115 muniri
615 4056 704 4133 potuit
723 4074 755 4114 ac
773 4053 878 4112 debuit.
919 4052 988 4110 Alio
1001 4050 1077 4111 sensu
1104 4058 1140 4130 τῷ
1158 4058 1263 4132 &gregi

284 4149 334 4207 nrt
363 4150 502 4226 ψβαίιιιι
528 4142 720 4224 accipiendum
744 4159 801 4202 erat
826 4142 898 4221 apud
913 4138 1041 4219 Xenopb.
1066 4141 1097 4200 in
1121 4142 1191 4218 Cyri
1217 4163 1265 4201 ex·

284 4240 339 4316 pnd.
357 4238 414 4309 IV,
449 4258 466 4298 2
495 4251 578 4304 extr„
611 4235 660 4293 ubi
685 4234 721 4294 de
745 4232 867 4292 barbaris
890 4231 1039 4311 grandiore
1063 4251 1141 4290 arcus
1165 4248 1265 4309 genere

284 4327 432 4387 Vttntibus:
464 4324 543 4387 ritro-
565 4325 590 4384 H
613 4327 662 4385 rtis
685 4325 777 4402 srugsis,
797 4324 873 4382 isin
896 4323 1010 4395 τοξεύοιεν
1039 4322 1174 4397 (adeoque
1197 4321 1264 4378 dum

283 4434 366 4477 urum
387 4418 530 4478 intendere
551 4414 706 4490 volebant),
737 4416 799 4493 πςός
819 4415 849 4472 τὸ
869 4415 943 4472 κάτω
962 4418 996 4470 τῦ
1019 4412 1082 4480 τόξυ
1101 4414 1139 4486 τῷ
1160 4410 1265 4486 ὶςιςιςῷ

283 4508 332 4564 mii
354 4512 534 4587 spsflar'ssms,
557 4507 659 4586 finssm
681 4509 744 4584 pede
763 4517 790 4564 in
809 4514 885 4562 inrum
904 4522 990 4559 arctus
1009 4496 1059 4571 (so.
1079 4494 1155 4553 humi
1173 4499 1264 4577 impo-

283 4594 368 4675 imm)
391 4604 503 4679 imffi,
523 4594 626 4654 virium
640 4595 859 4675 colligendarum
873 4590 970 4648 ernist.
1009 4585 1127 4645 Illustrat
1140 4604 1197 4647 rem
1207 4586 1266 4644 Ar·

283 4688 341 4753 iiin.
362 4690 456 4756 indic,
478 4689 515 4750 16
535 4690 598 4749 ἄλλ’
617 4687 638 4745 ti
658 4694 702 4761 μὴ
723 4686 794 4767 ungri
809 4689 909 4743 αὐτοῖσι
929 4681 999 4751 τόξον
1020 4701 1049 4737 τι
1064 4679 1156 4755 {geru
1175 4679 1265 4752 istius·

817 4773 843 4832 L
865 4790 882 4833 2
1225 4791 1265 4825 κεῖ
