<?xml version="1.0" encoding="UTF-8"?>
<!DOCTYPE html PUBLIC "-//W3C//DTD XHTML 1.0 Transitional//EN"
    "http://www.w3.org/TR/xhtml1/DTD/xhtml1-transitional.dtd">
<html xmlns="http://www.w3.org/1999/xhtml" xml:lang="en" lang="en">
 <head>
  <title>
</title>
<meta http-equiv="Content-Type" content="text/html;charset=utf-8" />
  <meta name='ocr-system' content='tesseract 3.04.00' />
  <meta name='ocr-capabilities' content='ocr_page ocr_carea ocr_par ocr_line ocrx_word'/>
</head>
<body>
  <div class='ocr_page' id='page_1' title='image "./operavarietatel01virggoog_0165.png"; bbox 0 0 3475 6234; ppageno 0'>
   <div class='ocr_carea' id='block_1_1' title="bbox 589 869 1361 984">
    <p class='ocr_par' dir='ltr' id='par_1_1' title="bbox 589 869 1361 984">
     <span class='ocr_line' id='line_1_1' title="bbox 589 869 1361 984; baseline 0.004 -32"><span class='ocrx_word' id='word_1_1' title='bbox 589 872 680 952; x_wconf 75' lang='lat' dir='ltr'>nn</span> <span class='ocrx_word' id='word_1_2' title='bbox 714 869 1000 952; x_wconf 70' lang='lat' dir='ltr'>uranum</span> <span class='ocrx_word' id='word_1_3' title='bbox 1041 871 1126 955; x_wconf 85' lang='lat' dir='ltr'>vn.</span> <span class='ocrx_word' id='word_1_4' title='bbox 1291 889 1361 984; x_wconf 63' lang='grc' dir='ltr'>ις,</span> 
     </span>
    </p>
   </div>
   <div class='ocr_carea' id='block_1_2' title="bbox 373 1070 1431 2767">
    <p class='ocr_par' dir='ltr' id='par_1_2' title="bbox 373 1070 1362 1606">
     <span class='ocr_line' id='line_1_2' title="bbox 375 1070 1362 1158; baseline 0.002 -19"><span class='ocrx_word' id='word_1_5' title='bbox 375 1070 506 1158; x_wconf 71' lang='lat' dir='ltr'>adscripti</span> <span class='ocrx_word' id='word_1_6' title='bbox 518 1076 593 1147; x_wconf 86' lang='lat' dir='ltr'>suot,</span> <span class='ocrx_word' id='word_1_7' title='bbox 614 1075 915 1136; x_wconf 85' lang='lat' dir='ltr'>interelaboratiffimoa</span> <span class='ocrx_word' id='word_1_8' title='bbox 926 1083 1016 1156; x_wconf 69' lang='lat' dir='ltr'>poitae</span> <span class='ocrx_word' id='word_1_9' title='bbox 1035 1078 1113 1138; x_wconf 79' lang='lat' dir='ltr'>locor</span> <span class='ocrx_word' id='word_1_10' title='bbox 1124 1081 1171 1141; x_wconf 81' lang='lat' dir='ltr'>est.</span> <span class='ocrx_word' id='word_1_11' title='bbox 1211 1081 1362 1143; x_wconf 83' lang='lat' dir='ltr'>Suaritatia</span> 
     </span>
     <span class='ocr_line' id='line_1_3' title="bbox 378 1166 1360 1247; baseline 0.004 -17"><span class='ocrx_word' id='word_1_12' title='bbox 378 1180 477 1238; x_wconf 69' lang='lat' dir='ltr'>mmm,</span> <span class='ocrx_word' id='word_1_13' title='bbox 495 1187 579 1247; x_wconf 90' lang='lat' dir='ltr'>quam</span> <span class='ocrx_word' id='word_1_14' title='bbox 592 1167 686 1238; x_wconf 77' lang='lat' dir='ltr'>habet,</span> <span class='ocrx_word' id='word_1_15' title='bbox 699 1167 820 1226; x_wconf 86' lang='lat' dir='ltr'>maxima</span> <span class='ocrx_word' id='word_1_16' title='bbox 837 1186 898 1246; x_wconf 82' lang='lat' dir='ltr'>para</span> <span class='ocrx_word' id='word_1_17' title='bbox 923 1187 939 1224; x_wconf 92' lang='lat' dir='ltr'>a</span> <span class='ocrx_word' id='word_1_18' title='bbox 961 1166 1061 1226; x_wconf 78' lang='lat' dir='ltr'>fabulis</span> <span class='ocrx_word' id='word_1_19' title='bbox 1083 1170 1191 1231; x_wconf 82' lang='lat' dir='ltr'>Graecia</span> <span class='ocrx_word' id='word_1_20' title='bbox 1213 1173 1293 1232; x_wconf 62' lang='lat' dir='ltr'>duda</span> <span class='ocrx_word' id='word_1_21' title='bbox 1310 1175 1360 1234; x_wconf 72' lang='lat' dir='ltr'>est.</span> 
     </span>
     <span class='ocr_line' id='line_1_4' title="bbox 376 1255 1358 1336; baseline 0.004 -19"><span class='ocrx_word' id='word_1_22' title='bbox 376 1255 482 1319; x_wconf 77' lang='lat' dir='ltr'>Verum</span> <span class='ocrx_word' id='word_1_23' title='bbox 504 1277 553 1316; x_wconf 89' lang='lat' dir='ltr'>nec</span> <span class='ocrx_word' id='word_1_24' title='bbox 566 1256 626 1334; x_wconf 74' lang='lat' dir='ltr'>ejus</span> <span class='ocrx_word' id='word_1_25' title='bbox 638 1257 752 1316; x_wconf 90' lang='lat' dir='ltr'>omnino</span> <span class='ocrx_word' id='word_1_26' title='bbox 768 1257 823 1315; x_wconf 89' lang='lat' dir='ltr'>ulla</span> <span class='ocrx_word' id='word_1_27' title='bbox 843 1257 914 1316; x_wconf 90' lang='lat' dir='ltr'>ratio</span> <span class='ocrx_word' id='word_1_28' title='bbox 925 1256 1004 1314; x_wconf 90' lang='lat' dir='ltr'>reddi</span> <span class='ocrx_word' id='word_1_29' title='bbox 1017 1259 1113 1336; x_wconf 80' lang='lat' dir='ltr'>potest,</span> <span class='ocrx_word' id='word_1_30' title='bbox 1126 1259 1175 1319; x_wconf 83' lang='lat' dir='ltr'>nili</span> <span class='ocrx_word' id='word_1_31' title='bbox 1190 1276 1280 1323; x_wconf 78' lang='lat' dir='ltr'>tenear</span> <span class='ocrx_word' id='word_1_32' title='bbox 1291 1262 1358 1332; x_wconf 84' lang='lat' dir='ltr'>hoc,</span> 
     </span>
     <span class='ocr_line' id='line_1_5' title="bbox 375 1342 1360 1426; baseline 0.003 -19"><span class='ocrx_word' id='word_1_33' title='bbox 375 1364 470 1407; x_wconf 77' lang='lat' dir='ltr'>omnen</span> <span class='ocrx_word' id='word_1_34' title='bbox 481 1346 606 1426; x_wconf 80' lang='lat' dir='ltr'>populor,</span> <span class='ocrx_word' id='word_1_35' title='bbox 628 1346 677 1424; x_wconf 90' lang='lat' dir='ltr'>qui</span> <span class='ocrx_word' id='word_1_36' title='bbox 692 1360 755 1404; x_wconf 85' lang='lat' dir='ltr'>cum</span> <span class='ocrx_word' id='word_1_37' title='bbox 770 1343 868 1403; x_wconf 85' lang='lat' dir='ltr'>Turno</span> <span class='ocrx_word' id='word_1_38' title='bbox 881 1345 910 1402; x_wconf 88' lang='lat' dir='ltr'>in</span> <span class='ocrx_word' id='word_1_39' title='bbox 923 1342 1017 1402; x_wconf 82' lang='lat' dir='ltr'>Latini</span> <span class='ocrx_word' id='word_1_40' title='bbox 1029 1345 1153 1424; x_wconf 80' lang='lat' dir='ltr'>partibor</span> <span class='ocrx_word' id='word_1_41' title='bbox 1165 1348 1238 1418; x_wconf 85' lang='lat' dir='ltr'>sunt,</span> <span class='ocrx_word' id='word_1_42' title='bbox 1258 1350 1360 1410; x_wconf 70' lang='lat' dir='ltr'>Grau</span> 
     </span>
     <span class='ocr_line' id='line_1_6' title="bbox 373 1429 1360 1522; baseline 0.004 -28"><span class='ocrx_word' id='word_1_43' title='bbox 373 1429 487 1516; x_wconf 75' lang='lat' dir='ltr'>origine</span> <span class='ocrx_word' id='word_1_44' title='bbox 504 1450 576 1495; x_wconf 82' lang='lat' dir='ltr'>ortua</span> <span class='ocrx_word' id='word_1_45' title='bbox 596 1435 679 1506; x_wconf 76' lang='lat' dir='ltr'>feni,</span> <span class='ocrx_word' id='word_1_46' title='bbox 703 1434 796 1492; x_wconf 63' lang='grc' dir='ltr'>,ΕΜ</span> <span class='ocrx_word' id='word_1_47' title='bbox 819 1448 913 1492; x_wconf 87' lang='lat' dir='ltr'>contra</span> <span class='ocrx_word' id='word_1_48' title='bbox 933 1432 1022 1492; x_wconf 73' lang='lat' dir='ltr'>socios</span> <span class='ocrx_word' id='word_1_49' title='bbox 1045 1435 1112 1494; x_wconf 86' lang='lat' dir='ltr'>addi</span> <span class='ocrx_word' id='word_1_50' title='bbox 1136 1437 1227 1517; x_wconf 85' lang='lat' dir='ltr'>prisca</span> <span class='ocrx_word' id='word_1_51' title='bbox 1248 1439 1360 1522; x_wconf 80' lang='lat' dir='ltr'>origine</span> 
     </span>
     <span class='ocr_line' id='line_1_7' title="bbox 374 1521 1072 1606; baseline -0.003 -22"><span class='ocrx_word' id='word_1_52' title='bbox 374 1524 486 1584; x_wconf 82' lang='lat' dir='ltr'>Italica.</span> <span class='ocrx_word' id='word_1_53' title='bbox 521 1525 586 1606; x_wconf 74' lang='lat' dir='ltr'>Qua</span> <span class='ocrx_word' id='word_1_54' title='bbox 597 1524 633 1583; x_wconf 87' lang='lat' dir='ltr'>de</span> <span class='ocrx_word' id='word_1_55' title='bbox 648 1543 677 1583; x_wconf 88' lang='lat' dir='ltr'>re</span> <span class='ocrx_word' id='word_1_56' title='bbox 688 1523 743 1602; x_wconf 80' lang='lat' dir='ltr'>seq.</span> <span class='ocrx_word' id='word_1_57' title='bbox 757 1521 871 1581; x_wconf 80' lang='lat' dir='ltr'>Excu&#39;rs.</span> <span class='ocrx_word' id='word_1_58' title='bbox 882 1521 955 1580; x_wconf 83' lang='lat' dir='ltr'>VIII</span> <span class='ocrx_word' id='word_1_59' title='bbox 966 1537 1072 1602; x_wconf 86' lang='lat' dir='ltr'>agetur.</span> 
     </span>
    </p>

    <p class='ocr_par' dir='ltr' id='par_1_3' title="bbox 376 1610 1431 2591">
     <span class='ocr_line' id='line_1_8' title="bbox 414 1610 1359 1695; baseline -0.008 -21"><span class='ocrx_word' id='word_1_60' title='bbox 414 1610 579 1676; x_wconf 73' lang='lat' dir='ltr'>Estl&#39;cilicet</span> <span class='ocrx_word' id='word_1_61' title='bbox 595 1615 653 1692; x_wconf 81' lang='lat' dir='ltr'>ejer</span> <span class='ocrx_word' id='word_1_62' title='bbox 665 1614 784 1683; x_wconf 78' lang='lat' dir='ltr'>artificii,</span> <span class='ocrx_word' id='word_1_63' title='bbox 803 1611 880 1691; x_wconf 88' lang='lat' dir='ltr'>qood</span> <span class='ocrx_word' id='word_1_64' title='bbox 900 1613 985 1670; x_wconf 89' lang='lat' dir='ltr'>modo</span> <span class='ocrx_word' id='word_1_65' title='bbox 1002 1612 1187 1692; x_wconf 74' lang='lat' dir='ltr'>exposuimus,</span> <span class='ocrx_word' id='word_1_66' title='bbox 1208 1635 1359 1695; x_wconf 69' lang='lat' dir='ltr'>upum.</span> 
     </span>
     <span class='ocr_line' id='line_1_9' title="bbox 376 1698 1360 1781; baseline 0.002 -18"><span class='ocrx_word' id='word_1_67' title='bbox 376 1717 435 1763; x_wconf 86' lang='lat' dir='ltr'>tum</span> <span class='ocrx_word' id='word_1_68' title='bbox 446 1703 497 1765; x_wconf 76' lang='lat' dir='ltr'>vix</span> <span class='ocrx_word' id='word_1_69' title='bbox 507 1701 582 1763; x_wconf 83' lang='lat' dir='ltr'>aliud</span> <span class='ocrx_word' id='word_1_70' title='bbox 592 1703 808 1781; x_wconf 79' lang='lat' dir='ltr'>illustrimquam</span> <span class='ocrx_word' id='word_1_71' title='bbox 820 1700 855 1760; x_wconf 87' lang='lat' dir='ltr'>de</span> <span class='ocrx_word' id='word_1_72' title='bbox 863 1698 951 1760; x_wconf 74' lang='lat' dir='ltr'>Tum</span> <span class='ocrx_word' id='word_1_73' title='bbox 958 1702 1089 1772; x_wconf 87' lang='lat' dir='ltr'>narratio,</span> <span class='ocrx_word' id='word_1_74' title='bbox 1097 1704 1207 1780; x_wconf 86' lang='lat' dir='ltr'>quando</span> <span class='ocrx_word' id='word_1_75' title='bbox 1215 1703 1360 1780; x_wconf 84' lang='lat' dir='ltr'>quidemia</span> 
     </span>
     <span class='ocr_line' id='line_1_10' title="bbox 378 1785 1359 1875; baseline 0.001 -23"><span class='ocrx_word' id='word_1_76' title='bbox 378 1792 446 1852; x_wconf 87' lang='lat' dir='ltr'>inter</span> <span class='ocrx_word' id='word_1_77' title='bbox 457 1792 604 1875; x_wconf 75' lang='lat' dir='ltr'>primarios</span> <span class='ocrx_word' id='word_1_78' title='bbox 621 1785 744 1853; x_wconf 68' lang='lat' dir='ltr'>AEne‘idia</span> <span class='ocrx_word' id='word_1_79' title='bbox 762 1792 860 1851; x_wconf 65' lang='lat' dir='ltr'>heroes</span> <span class='ocrx_word' id='word_1_80' title='bbox 879 1792 926 1860; x_wconf 78' lang='lat' dir='ltr'>est,</span> <span class='ocrx_word' id='word_1_81' title='bbox 953 1791 1073 1868; x_wconf 81' lang='lat' dir='ltr'>adeoque</span> <span class='ocrx_word' id='word_1_82' title='bbox 1087 1812 1213 1873; x_wconf 76' lang='lat' dir='ltr'>magnam</span> <span class='ocrx_word' id='word_1_83' title='bbox 1224 1793 1359 1854; x_wconf 71' lang='lat' dir='ltr'>carmini·</span> 
     </span>
     <span class='ocr_line' id='line_1_11' title="bbox 376 1872 1358 1962; baseline 0 -19"><span class='ocrx_word' id='word_1_84' title='bbox 376 1899 475 1962; x_wconf 76' lang='lat' dir='ltr'>punem</span> <span class='ocrx_word' id='word_1_85' title='bbox 488 1885 524 1943; x_wconf 88' lang='lat' dir='ltr'>ad</span> <span class='ocrx_word' id='word_1_86' title='bbox 535 1884 595 1962; x_wconf 84' lang='lat' dir='ltr'>ejua</span> <span class='ocrx_word' id='word_1_87' title='bbox 616 1901 716 1943; x_wconf 88' lang='lat' dir='ltr'>nomen</span> <span class='ocrx_word' id='word_1_88' title='bbox 734 1895 763 1942; x_wconf 89' lang='lat' dir='ltr'>et</span> <span class='ocrx_word' id='word_1_89' title='bbox 781 1881 923 1961; x_wconf 75' lang='lat' dir='ltr'>personam</span> <span class='ocrx_word' id='word_1_90' title='bbox 945 1882 1147 1954; x_wconf 72' lang='lat' dir='ltr'>accommodari</span> <span class='ocrx_word' id='word_1_91' title='bbox 1170 1883 1269 1942; x_wconf 78' lang='lat' dir='ltr'>neeeffe</span> <span class='ocrx_word' id='word_1_92' title='bbox 1289 1872 1358 1944; x_wconf 82' lang='lat' dir='ltr'>¹fuit.</span> 
     </span>
     <span class='ocr_line' id='line_1_12' title="bbox 379 1969 1431 2051; baseline -0.001 -18"><span class='ocrx_word' id='word_1_93' title='bbox 379 1972 462 2034; x_wconf 69' lang='lat' dir='ltr'>fuine</span> <span class='ocrx_word' id='word_1_94' title='bbox 485 1976 521 2033; x_wconf 89' lang='lat' dir='ltr'>de</span> <span class='ocrx_word' id='word_1_95' title='bbox 553 1991 587 2032; x_wconf 88' lang='lat' dir='ltr'>eo</span> <span class='ocrx_word' id='word_1_96' title='bbox 611 1972 715 2032; x_wconf 78' lang='lat' dir='ltr'>fabular</span> <span class='ocrx_word' id='word_1_97' title='bbox 738 1970 900 2031; x_wconf 74' lang='lat' dir='ltr'>domesticas</span> <span class='ocrx_word' id='word_1_98' title='bbox 925 1969 1062 2047; x_wconf 82' lang='lat' dir='ltr'>conjicere</span> <span class='ocrx_word' id='word_1_99' title='bbox 1088 1970 1154 2030; x_wconf 88' lang='lat' dir='ltr'>licet</span> <span class='ocrx_word' id='word_1_100' title='bbox 1178 1991 1212 2031; x_wconf 85' lang='lat' dir='ltr'>ex</span> <span class='ocrx_word' id='word_1_101' title='bbox 1244 1985 1357 2051; x_wconf 72' lang='lat' dir='ltr'>patera,</span> <span class='ocrx_word' id='word_1_102' title='bbox 1419 2028 1431 2037; x_wconf 78' lang='grc'><strong>,</strong></span> 
     </span>
     <span class='ocr_line' id='line_1_13' title="bbox 378 2057 1356 2144; baseline 0.002 -24"><span class='ocrx_word' id='word_1_103' title='bbox 378 2063 459 2144; x_wconf 78' lang='lat' dir='ltr'>ralgo</span> <span class='ocrx_word' id='word_1_104' title='bbox 482 2082 535 2144; x_wconf 86' lang='lat' dir='ltr'>pro</span> <span class='ocrx_word' id='word_1_105' title='bbox 555 2061 668 2120; x_wconf 84' lang='lat' dir='ltr'>Etrusca</span> <span class='ocrx_word' id='word_1_106' title='bbox 691 2057 802 2130; x_wconf 77' lang='lat' dir='ltr'>habita,</span> <span class='ocrx_word' id='word_1_107' title='bbox 820 2073 999 2138; x_wconf 82' lang='lat' dir='ltr'>argumento:</span> <span class='ocrx_word' id='word_1_108' title='bbox 1028 2058 1256 2120; x_wconf 74' lang='lat' dir='ltr'>Herculanenim</span> <span class='ocrx_word' id='word_1_109' title='bbox 1277 2062 1356 2122; x_wconf 83' lang='lat' dir='ltr'>clava</span> 
     </span>
     <span class='ocr_line' id='line_1_14' title="bbox 376 2147 1358 2232; baseline -0.001 -20"><span class='ocrx_word' id='word_1_110' title='bbox 376 2153 465 2212; x_wconf 76' lang='lat' dir='ltr'>viram</span> <span class='ocrx_word' id='word_1_111' title='bbox 476 2150 631 2232; x_wconf 66' lang='lat' dir='ltr'>prosternit,</span> <span class='ocrx_word' id='word_1_112' title='bbox 647 2147 792 2228; x_wconf 69' lang='lat' dir='ltr'>adscriptis</span> <span class='ocrx_word' id='word_1_113' title='bbox 812 2147 949 2206; x_wconf 74' lang='lat' dir='ltr'>vocibus:</span> <span class='ocrx_word' id='word_1_114' title='bbox 972 2164 1113 2206; x_wconf 75' lang='lat' dir='ltr'>taanenu.</span> <span class='ocrx_word' id='word_1_115' title='bbox 1129 2167 1259 2207; x_wconf 75' lang='lat' dir='ltr'>ruunt«.</span> <span class='ocrx_word' id='word_1_116' title='bbox 1298 2149 1358 2211; x_wconf 83' lang='lat' dir='ltr'>Ve-</span> 
     </span>
     <span class='ocr_line' id='line_1_15' title="bbox 377 2238 1356 2317; baseline -0.003 -11"><span class='ocrx_word' id='word_1_117' title='bbox 377 2264 437 2306; x_wconf 84' lang='lat' dir='ltr'>rum</span> <span class='ocrx_word' id='word_1_118' title='bbox 460 2246 503 2305; x_wconf 82' lang='lat' dir='ltr'>bia</span> <span class='ocrx_word' id='word_1_119' title='bbox 527 2241 629 2302; x_wconf 69' lang='lat' dir='ltr'>relidit</span> <span class='ocrx_word' id='word_1_120' title='bbox 647 2261 730 2301; x_wconf 88' lang='lat' dir='ltr'>omne</span> <span class='ocrx_word' id='word_1_121' title='bbox 748 2240 840 2298; x_wconf 87' lang='lat' dir='ltr'>Tumi</span> <span class='ocrx_word' id='word_1_122' title='bbox 864 2257 964 2297; x_wconf 89' lang='lat' dir='ltr'>nomen</span> <span class='ocrx_word' id='word_1_123' title='bbox 986 2238 1020 2296; x_wconf 86' lang='lat' dir='ltr'>ad</span> <span class='ocrx_word' id='word_1_124' title='bbox 1044 2239 1166 2309; x_wconf 75' lang='lat' dir='ltr'>Graecm‘,</span> <span class='ocrx_word' id='word_1_125' title='bbox 1185 2257 1246 2317; x_wconf 82' lang='lat' dir='ltr'>quae</span> <span class='ocrx_word' id='word_1_126' title='bbox 1263 2240 1300 2300; x_wconf 89' lang='lat' dir='ltr'>de</span> <span class='ocrx_word' id='word_1_127' title='bbox 1319 2261 1356 2303; x_wconf 91' lang='lat' dir='ltr'>eo</span> 
     </span>
     <span class='ocr_line' id='line_1_16' title="bbox 376 2328 1359 2408; baseline -0.011 -10"><span class='ocrx_word' id='word_1_128' title='bbox 376 2336 538 2406; x_wconf 71' lang='lat' dir='ltr'>terebantur,</span> <span class='ocrx_word' id='word_1_129' title='bbox 566 2333 671 2393; x_wconf 75' lang='lat' dir='ltr'>fabulas</span> <span class='ocrx_word' id='word_1_130' title='bbox 695 2331 833 2392; x_wconf 76' lang='lat' dir='ltr'>revocarit</span> <span class='ocrx_word' id='word_1_131' title='bbox 858 2329 952 2388; x_wconf 88' lang='lat' dir='ltr'>Maro.</span> <span class='ocrx_word' id='word_1_132' title='bbox 997 2328 1129 2408; x_wconf 81' lang='lat' dir='ltr'>Dumque</span> <span class='ocrx_word' id='word_1_133' title='bbox 1153 2331 1222 2388; x_wconf 88' lang='lat' dir='ltr'>adeo</span> <span class='ocrx_word' id='word_1_134' title='bbox 1249 2329 1359 2393; x_wconf 62' lang='lat' dir='ltr'>Graeca</span> 
     </span>
     <span class='ocr_line' id='line_1_17' title="bbox 376 2417 1358 2501; baseline -0.004 -15"><span class='ocrx_word' id='word_1_135' title='bbox 376 2426 475 2486; x_wconf 76' lang='lat' dir='ltr'>tabule</span> <span class='ocrx_word' id='word_1_136' title='bbox 494 2423 575 2484; x_wconf 81' lang='lat' dir='ltr'>semel</span> <span class='ocrx_word' id='word_1_137' title='bbox 597 2423 627 2481; x_wconf 92' lang='lat' dir='ltr'>in</span> <span class='ocrx_word' id='word_1_138' title='bbox 650 2421 777 2480; x_wconf 88' lang='lat' dir='ltr'>Turnum</span> <span class='ocrx_word' id='word_1_139' title='bbox 790 2421 872 2479; x_wconf 78' lang='lat' dir='ltr'>effent</span> <span class='ocrx_word' id='word_1_140' title='bbox 883 2417 1026 2488; x_wconf 81' lang='lat' dir='ltr'>transsata,</span> <span class='ocrx_word' id='word_1_141' title='bbox 1038 2418 1074 2476; x_wconf 88' lang='lat' dir='ltr'>ad</span> <span class='ocrx_word' id='word_1_142' title='bbox 1086 2420 1184 2478; x_wconf 76' lang='lat' dir='ltr'>multae</span> <span class='ocrx_word' id='word_1_143' title='bbox 1201 2418 1269 2480; x_wconf 76' lang='lat' dir='ltr'>aliar</span> <span class='ocrx_word' id='word_1_144' title='bbox 1279 2435 1358 2501; x_wconf 84' lang='lat' dir='ltr'>pate-</span> 
     </span>
     <span class='ocr_line' id='line_1_18' title="bbox 376 2510 832 2591; baseline -0.02 -14"><span class='ocrx_word' id='word_1_145' title='bbox 376 2510 832 2591; x_wconf 66' lang='lat' dir='ltr'>lailaesthoeipsnviaetaditua.</span> 
     </span>
    </p>

    <p class='ocr_par' dir='ltr' id='par_1_4' title="bbox 374 2594 1358 2767">
     <span class='ocr_line' id='line_1_19' title="bbox 413 2594 1358 2681; baseline -0.014 -15"><span class='ocrx_word' id='word_1_146' title='bbox 413 2603 500 2666; x_wconf 72' lang='lat' dir='ltr'>Tum·</span> <span class='ocrx_word' id='word_1_147' title='bbox 518 2601 612 2680; x_wconf 86' lang='lat' dir='ltr'>itaque</span> <span class='ocrx_word' id='word_1_148' title='bbox 628 2600 766 2679; x_wconf 82' lang='lat' dir='ltr'>originem</span> <span class='ocrx_word' id='word_1_149' title='bbox 787 2603 871 2678; x_wconf 62' lang='lat' dir='ltr'>poeta</span> <span class='ocrx_word' id='word_1_150' title='bbox 890 2595 1031 2665; x_wconf 71' lang='lat' dir='ltr'>aDanai&#39;,</span> <span class='ocrx_word' id='word_1_151' title='bbox 1050 2594 1153 2656; x_wconf 73' lang='lat' dir='ltr'>Acrifii</span> <span class='ocrx_word' id='word_1_152' title='bbox 1173 2597 1247 2677; x_wconf 77' lang='lat' dir='ltr'>regia</span> <span class='ocrx_word' id='word_1_153' title='bbox 1267 2599 1358 2681; x_wconf 76' lang='lat' dir='ltr'>Argi.</span> 
     </span>
     <span class='ocr_line' id='line_1_20' title="bbox 374 2685 1354 2767; baseline -0.006 -12"><span class='ocrx_word' id='word_1_154' title='bbox 374 2709 474 2754; x_wconf 67' lang='lat' dir='ltr'>vorum</span> <span class='ocrx_word' id='word_1_155' title='bbox 485 2693 554 2763; x_wconf 77' lang='lat' dir='ltr'>Iulia,</span> <span class='ocrx_word' id='word_1_156' title='bbox 567 2689 657 2750; x_wconf 75' lang='lat' dir='ltr'>Persei</span> <span class='ocrx_word' id='word_1_157' title='bbox 670 2703 767 2759; x_wconf 84' lang='lat' dir='ltr'>matre,</span> <span class='ocrx_word' id='word_1_158' title='bbox 786 2687 912 2766; x_wconf 81' lang='lat' dir='ltr'>repetiit:</span> <span class='ocrx_word' id='word_1_159' title='bbox 933 2685 1053 2744; x_wconf 83' lang='lat' dir='ltr'>fabulam</span> <span class='ocrx_word' id='word_1_160' title='bbox 1066 2687 1206 2764; x_wconf 81' lang='lat' dir='ltr'>vulgarem</span> <span class='ocrx_word' id='word_1_161' title='bbox 1217 2687 1354 2767; x_wconf 79' lang='lat' dir='ltr'>sequntur,</span> 
     </span>
    </p>
   </div>
   <div class='ocr_carea' id='block_1_3' title="bbox 377 2768 1518 2859">
    <p class='ocr_par' dir='ltr' id='par_1_5' title="bbox 377 2768 1518 2859">
     <span class='ocr_line' id='line_1_21' title="bbox 377 2768 1518 2859; baseline -0.007 -19"><span class='ocrx_word' id='word_1_162' title='bbox 377 2800 434 2859; x_wconf 76' lang='lat' dir='ltr'>qua</span> <span class='ocrx_word' id='word_1_163' title='bbox 447 2785 561 2842; x_wconf 72' lang='lat' dir='ltr'>Ardeae</span> <span class='ocrx_word' id='word_1_164' title='bbox 579 2779 688 2850; x_wconf 70' lang='lat' dir='ltr'>Daaaee&#39;,</span> <span class='ocrx_word' id='word_1_165' title='bbox 703 2780 788 2853; x_wconf 79' lang='lat' dir='ltr'>Persei</span> <span class='ocrx_word' id='word_1_166' title='bbox 798 2791 892 2846; x_wconf 77' lang='lat' dir='ltr'>matre,</span> <span class='ocrx_word' id='word_1_167' title='bbox 912 2777 1011 2834; x_wconf 67' lang='lat' dir='ltr'>andita</span> <span class='ocrx_word' id='word_1_168' title='bbox 1026 2773 1204 2834; x_wconf 84' lang='lat' dir='ltr'>credebatur:</span> <span class='ocrx_word' id='word_1_169' title='bbox 1225 2775 1295 2838; x_wconf 81' lang='lat' dir='ltr'>Plim.</span> <span class='ocrx_word' id='word_1_170' title='bbox 1308 2779 1355 2839; x_wconf 89' lang='lat' dir='ltr'>III</span> <span class='ocrx_word' id='word_1_171' title='bbox 1450 2855 1451 2858; x_wconf 8' lang='grc' dir='ltr'><strong>Ἴ</strong></span> <span class='ocrx_word' id='word_1_172' title='bbox 1510 2768 1518 2783; x_wconf 91' lang='grc'>’</span> 
     </span>
    </p>
   </div>
   <div class='ocr_carea' id='block_1_4' title="bbox 375 2863 1442 4387">
    <p class='ocr_par' dir='ltr' id='par_1_6' title="bbox 375 2863 1442 4387">
     <span class='ocr_line' id='line_1_22' title="bbox 378 2863 1356 2951; baseline -0.006 -20"><span class='ocrx_word' id='word_1_173' title='bbox 378 2869 445 2951; x_wconf 81' lang='lat' dir='ltr'><strong>s.9.</strong></span> <span class='ocrx_word' id='word_1_174' title='bbox 486 2872 578 2931; x_wconf 79' lang='lat' dir='ltr'>Danae·</span> <span class='ocrx_word' id='word_1_175' title='bbox 597 2870 672 2928; x_wconf 90' lang='lat' dir='ltr'>enim</span> <span class='ocrx_word' id='word_1_176' title='bbox 692 2867 763 2927; x_wconf 85' lang='lat' dir='ltr'>vitio</span> <span class='ocrx_word' id='word_1_177' title='bbox 783 2888 799 2925; x_wconf 87' lang='lat' dir='ltr'>a</span> <span class='ocrx_word' id='word_1_178' title='bbox 820 2866 891 2942; x_wconf 86' lang='lat' dir='ltr'>Jove</span> <span class='ocrx_word' id='word_1_179' title='bbox 903 2869 1015 2943; x_wconf 76' lang='lat' dir='ltr'>accepto</span> <span class='ocrx_word' id='word_1_180' title='bbox 1039 2863 1110 2921; x_wconf 88' lang='lat' dir='ltr'>intra</span> <span class='ocrx_word' id='word_1_181' title='bbox 1128 2884 1219 2925; x_wconf 90' lang='lat' dir='ltr'>arcam</span> <span class='ocrx_word' id='word_1_182' title='bbox 1241 2887 1259 2926; x_wconf 88' lang='lat' dir='ltr'>a</span> <span class='ocrx_word' id='word_1_183' title='bbox 1278 2883 1356 2948; x_wconf 81' lang='lat' dir='ltr'>patre</span> 
     </span>
     <span class='ocr_line' id='line_1_23' title="bbox 378 2954 1354 3040; baseline -0.009 -16"><span class='ocrx_word' id='word_1_184' title='bbox 378 2956 482 3024; x_wconf 80' lang='lat' dir='ltr'>Inclusa</span> <span class='ocrx_word' id='word_1_185' title='bbox 504 2963 585 3040; x_wconf 85' lang='lat' dir='ltr'>inque</span> <span class='ocrx_word' id='word_1_186' title='bbox 608 2977 681 3017; x_wconf 91' lang='lat' dir='ltr'>mare</span> <span class='ocrx_word' id='word_1_187' title='bbox 700 2957 879 3038; x_wconf 72' lang='lat' dir='ltr'>precipitata,</span> <span class='ocrx_word' id='word_1_188' title='bbox 906 2954 971 3014; x_wconf 91' lang='lat' dir='ltr'>inde</span> <span class='ocrx_word' id='word_1_189' title='bbox 983 2954 1018 3012; x_wconf 92' lang='lat' dir='ltr'>ad</span> <span class='ocrx_word' id='word_1_190' title='bbox 1034 2954 1189 3033; x_wconf 86' lang='lat' dir='ltr'>Seriphum,</span> <span class='ocrx_word' id='word_1_191' title='bbox 1214 2976 1297 3018; x_wconf 85' lang='lat' dir='ltr'>unam</span> <span class='ocrx_word' id='word_1_192' title='bbox 1318 2978 1354 3022; x_wconf 81' lang='lat' dir='ltr'>ex</span> 
     </span>
     <span class='ocr_line' id='line_1_24' title="bbox 375 3043 1355 3133; baseline -0.007 -23"><span class='ocrx_word' id='word_1_193' title='bbox 375 3054 558 3133; x_wconf 67' lang='lat' dir='ltr'>Cydadffioa,</span> <span class='ocrx_word' id='word_1_194' title='bbox 577 3049 678 3118; x_wconf 87' lang='lat' dir='ltr'>delata,</span> <span class='ocrx_word' id='word_1_195' title='bbox 699 3066 715 3105; x_wconf 86' lang='lat' dir='ltr'>a</span> <span class='ocrx_word' id='word_1_196' title='bbox 735 3047 868 3124; x_wconf 88' lang='lat' dir='ltr'>piscatore</span> <span class='ocrx_word' id='word_1_197' title='bbox 889 3043 943 3102; x_wconf 86' lang='lat' dir='ltr'>reti</span> <span class='ocrx_word' id='word_1_198' title='bbox 960 3043 1124 3102; x_wconf 82' lang='lat' dir='ltr'>extrahitur.</span> <span class='ocrx_word' id='word_1_199' title='bbox 1164 3043 1239 3105; x_wconf 84' lang='lat' dir='ltr'>Vide</span> <span class='ocrx_word' id='word_1_200' title='bbox 1252 3049 1355 3110; x_wconf 72' lang='lat' dir='ltr'>Pluere.</span> 
     </span>
     <span class='ocr_line' id='line_1_25' title="bbox 375 3134 1355 3222; baseline -0.008 -22"><span class='ocrx_word' id='word_1_201' title='bbox 375 3147 454 3222; x_wconf 72' lang='lat' dir='ltr'>eydis</span> <span class='ocrx_word' id='word_1_202' title='bbox 472 3140 655 3204; x_wconf 81' lang='lat' dir='ltr'>narrationem</span> <span class='ocrx_word' id='word_1_203' title='bbox 676 3139 748 3217; x_wconf 88' lang='lat' dir='ltr'>apud</span> <span class='ocrx_word' id='word_1_204' title='bbox 772 3136 864 3195; x_wconf 83' lang='lat' dir='ltr'>Schol.</span> <span class='ocrx_word' id='word_1_205' title='bbox 880 3134 1024 3215; x_wconf 86' lang='lat' dir='ltr'>Apollonii</span> <span class='ocrx_word' id='word_1_206' title='bbox 1048 3134 1103 3203; x_wconf 92' lang='lat' dir='ltr'>IV,</span> <span class='ocrx_word' id='word_1_207' title='bbox 1133 3156 1216 3214; x_wconf 87' lang='lat'><strong>¹09¹·</strong></span> <span class='ocrx_word' id='word_1_208' title='bbox 1255 3142 1318 3199; x_wconf 79' lang='lat' dir='ltr'>Alii</span> <span class='ocrx_word' id='word_1_209' title='bbox 1336 3163 1355 3202; x_wconf 62' lang='grc' dir='ltr'>ι</span> 
     </span>
     <span class='ocr_line' id='line_1_26' title="bbox 376 3221 1356 3314; baseline 0 -27"><span class='ocrx_word' id='word_1_210' title='bbox 376 3233 547 3314; x_wconf 64' lang='lat' dir='ltr'>peadombur</span> <span class='ocrx_word' id='word_1_211' title='bbox 558 3241 691 3306; x_wconf 86' lang='lat' dir='ltr'>repertam</span> <span class='ocrx_word' id='word_1_212' title='bbox 708 3223 967 3284; x_wconf 82' lang='lat' dir='ltr'>narrallevidentur.</span> <span class='ocrx_word' id='word_1_213' title='bbox 1003 3221 1072 3280; x_wconf 92' lang='lat' dir='ltr'>Inde</span> <span class='ocrx_word' id='word_1_214' title='bbox 1085 3223 1203 3283; x_wconf 79' lang='lat' dir='ltr'>Plinium</span> <span class='ocrx_word' id='word_1_215' title='bbox 1218 3225 1356 3302; x_wconf 86' lang='lat' dir='ltr'>XXXV,</span> 
     </span>
     <span class='ocr_line' id='line_1_27' title="bbox 378 3311 1356 3402; baseline -0.013 -17"><span class='ocrx_word' id='word_1_216' title='bbox 378 3346 414 3402; x_wconf 75' lang='lat'>40</span> <span class='ocrx_word' id='word_1_217' title='bbox 432 3326 453 3384; x_wconf 69' lang='grc' dir='ltr'>ι’.</span> <span class='ocrx_word' id='word_1_218' title='bbox 468 3344 505 3401; x_wconf 82' lang='lat'>32</span> <span class='ocrx_word' id='word_1_219' title='bbox 519 3318 706 3380; x_wconf 77' lang='lat' dir='ltr'>illustrandum</span> <span class='ocrx_word' id='word_1_220' title='bbox 720 3316 855 3374; x_wconf 83' lang='lat' dir='ltr'>arbitror:</span> <span class='ocrx_word' id='word_1_221' title='bbox 876 3316 995 3373; x_wconf 77' lang='lat' dir='ltr'>Arteman</span> <span class='ocrx_word' id='word_1_222' title='bbox 1008 3311 1098 3390; x_wconf 81' lang='lat' dir='ltr'>pinxit</span> <span class='ocrx_word' id='word_1_223' title='bbox 1117 3314 1243 3384; x_wconf 75' lang='lat' dir='ltr'>Danae&#39;ir,</span> <span class='ocrx_word' id='word_1_224' title='bbox 1257 3329 1356 3378; x_wconf 64' lang='lat' dir='ltr'>aaran.</span> 
     </span>
     <span class='ocr_line' id='line_1_28' title="bbox 376 3401 1358 3488; baseline 0.003 -22"><span class='ocrx_word' id='word_1_225' title='bbox 376 3415 439 3473; x_wconf 65' lang='lat' dir='ltr'>rib„</span> <span class='ocrx_word' id='word_1_226' title='bbox 450 3437 508 3472; x_wconf 68' lang='lat' dir='ltr'>em</span> <span class='ocrx_word' id='word_1_227' title='bbox 522 3405 693 3488; x_wconf 71' lang='lat' dir='ltr'>predonibus.</span> <span class='ocrx_word' id='word_1_228' title='bbox 732 3405 848 3462; x_wconf 83' lang='lat' dir='ltr'>Acceffit</span> <span class='ocrx_word' id='word_1_229' title='bbox 860 3405 925 3462; x_wconf 87' lang='lat' dir='ltr'>hinc</span> <span class='ocrx_word' id='word_1_230' title='bbox 939 3403 992 3460; x_wconf 89' lang='lat' dir='ltr'>alia</span> <span class='ocrx_word' id='word_1_231' title='bbox 1011 3401 1119 3459; x_wconf 87' lang='lat' dir='ltr'>fabula:</span> <span class='ocrx_word' id='word_1_232' title='bbox 1143 3402 1259 3464; x_wconf 70' lang='lat' dir='ltr'>Danaen</span> <span class='ocrx_word' id='word_1_233' title='bbox 1277 3409 1358 3469; x_wconf 68' lang='lat' dir='ltr'>tuine</span> 
     </span>
     <span class='ocr_line' id='line_1_29' title="bbox 377 3492 1356 3571; baseline -0.012 -8"><span class='ocrx_word' id='word_1_234' title='bbox 377 3503 411 3562; x_wconf 74' lang='lat' dir='ltr'>ad</span> <span class='ocrx_word' id='word_1_235' title='bbox 433 3502 544 3562; x_wconf 83' lang='lat' dir='ltr'>ltaliam</span> <span class='ocrx_word' id='word_1_236' title='bbox 565 3496 694 3563; x_wconf 82' lang='lat' dir='ltr'>delatam,</span> <span class='ocrx_word' id='word_1_237' title='bbox 723 3493 818 3571; x_wconf 89' lang='lat' dir='ltr'>ibique</span> <span class='ocrx_word' id='word_1_238' title='bbox 839 3514 900 3553; x_wconf 90' lang='lat' dir='ltr'>eam</span> <span class='ocrx_word' id='word_1_239' title='bbox 925 3493 1046 3551; x_wconf 76' lang='lat' dir='ltr'>Ardeam</span> <span class='ocrx_word' id='word_1_240' title='bbox 1070 3492 1229 3554; x_wconf 81' lang='lat' dir='ltr'>condidiffe.</span> <span class='ocrx_word' id='word_1_241' title='bbox 1279 3498 1356 3558; x_wconf 68' lang='lat' dir='ltr'>Navi</span> 
     </span>
     <span class='ocr_line' id='line_1_30' title="bbox 377 3581 1355 3668; baseline -0.003 -22"><span class='ocrx_word' id='word_1_242' title='bbox 377 3593 484 3668; x_wconf 77' lang='lat' dir='ltr'>quidem</span> <span class='ocrx_word' id='word_1_243' title='bbox 497 3607 562 3648; x_wconf 87' lang='lat' dir='ltr'>cnm</span> <span class='ocrx_word' id='word_1_244' title='bbox 576 3583 656 3644; x_wconf 74' lang='lat' dir='ltr'>sociis</span> <span class='ocrx_word' id='word_1_245' title='bbox 675 3583 813 3642; x_wconf 67' lang='lat' dir='ltr'>advectam</span> <span class='ocrx_word' id='word_1_246' title='bbox 833 3589 916 3662; x_wconf 84' lang='lat' dir='ltr'>po‘e&#39;ta</span> <span class='ocrx_word' id='word_1_247' title='bbox 928 3582 1015 3640; x_wconf 82' lang='lat' dir='ltr'>noster</span> <span class='ocrx_word' id='word_1_248' title='bbox 1030 3581 1134 3638; x_wconf 86' lang='lat' dir='ltr'>tradere</span> <span class='ocrx_word' id='word_1_249' title='bbox 1145 3584 1270 3642; x_wconf 81' lang='lat' dir='ltr'>maluit:</span> <span class='ocrx_word' id='word_1_250' title='bbox 1292 3605 1355 3643; x_wconf 88' lang='lat' dir='ltr'>nam</span> 
     </span>
     <span class='ocr_line' id='line_1_31' title="bbox 379 3671 1359 3755; baseline -0.006 -17"><span class='ocrx_word' id='word_1_251' title='bbox 379 3681 426 3741; x_wconf 69' lang='lat' dir='ltr'>llll.</span> <span class='ocrx_word' id='word_1_252' title='bbox 447 3679 519 3748; x_wconf 86' lang='lat' dir='ltr'>VII,</span> <span class='ocrx_word' id='word_1_253' title='bbox 539 3694 597 3755; x_wconf 83' lang='lat'>409</span> <span class='ocrx_word' id='word_1_254' title='bbox 620 3676 741 3742; x_wconf 71' lang='lat' dir='ltr'>Antiatis,</span> <span class='ocrx_word' id='word_1_255' title='bbox 766 3673 869 3753; x_wconf 85' lang='lat' dir='ltr'>inquit,</span> <span class='ocrx_word' id='word_1_256' title='bbox 890 3672 981 3730; x_wconf 79' lang='lat' dir='ltr'>Rutuli</span> <span class='ocrx_word' id='word_1_257' title='bbox 1002 3671 1040 3727; x_wconf 80' lang='lat' dir='ltr'>ad</span> <span class='ocrx_word' id='word_1_258' title='bbox 1055 3693 1144 3736; x_wconf 76' lang='lat' dir='ltr'>murus,</span> <span class='ocrx_word' id='word_1_259' title='bbox 1168 3694 1243 3749; x_wconf 79' lang='lat' dir='ltr'>qaam</span> <span class='ocrx_word' id='word_1_260' title='bbox 1265 3676 1359 3734; x_wconf 70' lang='lat' dir='ltr'>daim</span> 
     </span>
     <span class='ocr_line' id='line_1_32' title="bbox 379 3759 1358 3844; baseline -0.008 -18"><span class='ocrx_word' id='word_1_261' title='bbox 379 3771 460 3830; x_wconf 67' lang='lat' dir='ltr'>erden</span> <span class='ocrx_word' id='word_1_262' title='bbox 485 3768 632 3844; x_wconf 72' lang='lat' dir='ltr'>Arnfioneis</span> <span class='ocrx_word' id='word_1_263' title='bbox 658 3762 759 3820; x_wconf 71' lang='lat' dir='ltr'>Danae&#39;</span> <span class='ocrx_word' id='word_1_264' title='bbox 768 3764 892 3840; x_wconf 75' lang='lat' dir='ltr'>fundaffi</span> <span class='ocrx_word' id='word_1_265' title='bbox 916 3760 1001 3819; x_wconf 77' lang='lat' dir='ltr'>colonis</span> <span class='ocrx_word' id='word_1_266' title='bbox 1028 3760 1161 3834; x_wconf 73' lang='lat' dir='ltr'>Praecipiti</span> <span class='ocrx_word' id='word_1_267' title='bbox 1181 3759 1268 3819; x_wconf 81' lang='lat' dir='ltr'>delata</span> <span class='ocrx_word' id='word_1_268' title='bbox 1293 3781 1358 3826; x_wconf 70' lang='lat' dir='ltr'>aare.</span> 
     </span>
     <span class='ocr_line' id='line_1_33' title="bbox 381 3847 1357 3940; baseline -0.015 -19"><span class='ocrx_word' id='word_1_269' title='bbox 381 3860 462 3940; x_wconf 88' lang='lat' dir='ltr'>Inque</span> <span class='ocrx_word' id='word_1_270' title='bbox 473 3879 509 3919; x_wconf 88' lang='lat' dir='ltr'>eo</span> <span class='ocrx_word' id='word_1_271' title='bbox 529 3857 598 3915; x_wconf 89' lang='lat' dir='ltr'>adeo</span> <span class='ocrx_word' id='word_1_272' title='bbox 611 3873 627 3912; x_wconf 86' lang='lat' dir='ltr'>a</span> <span class='ocrx_word' id='word_1_273' title='bbox 639 3850 744 3930; x_wconf 84' lang='lat' dir='ltr'>vulgari</span> <span class='ocrx_word' id='word_1_274' title='bbox 758 3852 910 3911; x_wconf 86' lang='lat' dir='ltr'>narratione</span> <span class='ocrx_word' id='word_1_275' title='bbox 923 3849 1025 3906; x_wconf 87' lang='lat' dir='ltr'>recedit</span> <span class='ocrx_word' id='word_1_276' title='bbox 1039 3847 1134 3914; x_wconf 83' lang='lat' dir='ltr'>Maro,</span> <span class='ocrx_word' id='word_1_277' title='bbox 1153 3867 1234 3924; x_wconf 84' lang='lat' dir='ltr'>quarn</span> <span class='ocrx_word' id='word_1_278' title='bbox 1248 3850 1357 3912; x_wconf 64' lang='lat' dir='ltr'>Servius</span> 
     </span>
     <span class='ocr_line' id='line_1_34' title="bbox 381 3935 1442 4021; baseline -0.013 -14"><span class='ocrx_word' id='word_1_279' title='bbox 381 3954 445 4011; x_wconf 80' lang='lat' dir='ltr'>male</span> <span class='ocrx_word' id='word_1_280' title='bbox 457 3950 493 4009; x_wconf 87' lang='lat' dir='ltr'>ad</span> <span class='ocrx_word' id='word_1_281' title='bbox 512 3945 568 4006; x_wconf 92' lang='lat' dir='ltr'>loci</span> <span class='ocrx_word' id='word_1_282' title='bbox 580 3945 659 4021; x_wconf 76' lang='lat' dir='ltr'>hujus</span> <span class='ocrx_word' id='word_1_283' title='bbox 677 3941 926 4018; x_wconf 86' lang='lat' dir='ltr'>imerpretationem</span> <span class='ocrx_word' id='word_1_284' title='bbox 939 3939 1076 4001; x_wconf 76' lang='lat' dir='ltr'>admovet,</span> <span class='ocrx_word' id='word_1_285' title='bbox 1099 3935 1134 3993; x_wconf 91' lang='lat' dir='ltr'>ad</span> <span class='ocrx_word' id='word_1_286' title='bbox 1148 3956 1174 3995; x_wconf 86' lang='lat' dir='ltr'>v.</span> <span class='ocrx_word' id='word_1_287' title='bbox 1190 3957 1258 4015; x_wconf 86' lang='lat'>372,</span> <span class='ocrx_word' id='word_1_288' title='bbox 1278 3943 1358 4018; x_wconf 68' lang='lat' dir='ltr'>cuju</span> <span class='ocrx_word' id='word_1_289' title='bbox 1431 3950 1442 3975; x_wconf 71' lang='lat'>⁸</span> 
     </span>
     <span class='ocr_line' id='line_1_35' title="bbox 381 4026 1358 4118; baseline -0.005 -23"><span class='ocrx_word' id='word_1_290' title='bbox 381 4057 442 4100; x_wconf 79' lang='lat' dir='ltr'>anta</span> <span class='ocrx_word' id='word_1_291' title='bbox 454 4037 526 4118; x_wconf 84' lang='lat' dir='ltr'>apud</span> <span class='ocrx_word' id='word_1_292' title='bbox 541 4036 674 4111; x_wconf 86' lang='lat' dir='ltr'>Pompon.</span> <span class='ocrx_word' id='word_1_293' title='bbox 689 4031 753 4091; x_wconf 78' lang='lat' dir='ltr'>Sub.</span> <span class='ocrx_word' id='word_1_294' title='bbox 767 4029 873 4109; x_wconf 85' lang='lat' dir='ltr'>plenior</span> <span class='ocrx_word' id='word_1_295' title='bbox 884 4042 967 4086; x_wconf 81' lang='lat' dir='ltr'>extat.</span> <span class='ocrx_word' id='word_1_296' title='bbox 996 4027 1061 4107; x_wconf 78' lang='lat' dir='ltr'>Qa</span> <span class='ocrx_word' id='word_1_297' title='bbox 1070 4026 1156 4084; x_wconf 85' lang='lat' dir='ltr'>Italiae</span> <span class='ocrx_word' id='word_1_298' title='bbox 1165 4045 1240 4104; x_wconf 87' lang='lat' dir='ltr'>parte</span> <span class='ocrx_word' id='word_1_299' title='bbox 1250 4031 1358 4094; x_wconf 61' lang='lat' dir='ltr'>Danaen</span> 
     </span>
     <span class='ocr_line' id='line_1_36' title="bbox 381 4116 1358 4208; baseline -0.008 -21"><span class='ocrx_word' id='word_1_300' title='bbox 381 4130 499 4208; x_wconf 80' lang='lat' dir='ltr'>appulsus</span> <span class='ocrx_word' id='word_1_301' title='bbox 520 4126 607 4185; x_wconf 75' lang='lat' dir='ltr'>sactu·</span> <span class='ocrx_word' id='word_1_302' title='bbox 628 4123 701 4188; x_wconf 81' lang='lat' dir='ltr'>etiet,</span> <span class='ocrx_word' id='word_1_303' title='bbox 720 4141 775 4179; x_wconf 89' lang='lat' dir='ltr'>non</span> <span class='ocrx_word' id='word_1_304' title='bbox 798 4121 936 4179; x_wconf 85' lang='lat' dir='ltr'>constante</span> <span class='ocrx_word' id='word_1_305' title='bbox 949 4116 1012 4176; x_wconf 86' lang='lat' dir='ltr'>satia</span> <span class='ocrx_word' id='word_1_306' title='bbox 1024 4116 1077 4174; x_wconf 86' lang='lat' dir='ltr'>fide</span> <span class='ocrx_word' id='word_1_307' title='bbox 1088 4117 1219 4175; x_wconf 87' lang='lat' dir='ltr'>traditum</span> <span class='ocrx_word' id='word_1_308' title='bbox 1231 4119 1358 4180; x_wconf 81' lang='lat' dir='ltr'>videtora</span> 
     </span>
     <span class='ocr_line' id='line_1_37' title="bbox 380 4206 1423 4295; baseline -0.006 -23"><span class='ocrx_word' id='word_1_309' title='bbox 380 4220 437 4278; x_wconf 73' lang='lat' dir='ltr'>aliis</span> <span class='ocrx_word' id='word_1_310' title='bbox 460 4220 496 4278; x_wconf 81' lang='lat' dir='ltr'>ad</span> <span class='ocrx_word' id='word_1_311' title='bbox 519 4213 630 4295; x_wconf 80' lang='lat' dir='ltr'>Apuliae</span> <span class='ocrx_word' id='word_1_312' title='bbox 659 4210 748 4278; x_wconf 77' lang='lat' dir='ltr'>littus,</span> <span class='ocrx_word' id='word_1_313' title='bbox 775 4209 835 4268; x_wconf 87' lang='lat' dir='ltr'>aliis</span> <span class='ocrx_word' id='word_1_314' title='bbox 856 4209 889 4265; x_wconf 90' lang='lat' dir='ltr'>ad</span> <span class='ocrx_word' id='word_1_315' title='bbox 917 4207 1064 4264; x_wconf 85' lang='lat' dir='ltr'>Ardeatem</span> <span class='ocrx_word' id='word_1_316' title='bbox 1085 4224 1192 4283; x_wconf 86' lang='lat' dir='ltr'>agrum,</span> <span class='ocrx_word' id='word_1_317' title='bbox 1217 4206 1357 4266; x_wconf 77' lang='lat' dir='ltr'>esnensum</span> <span class='ocrx_word' id='word_1_318' title='bbox 1419 4258 1423 4265; x_wconf 90' lang='lat'>.</span> 
     </span>
     <span class='ocr_line' id='line_1_38' title="bbox 383 4294 1395 4387; baseline -0.01 -24"><span class='ocrx_word' id='word_1_319' title='bbox 383 4307 476 4367; x_wconf 66' lang='lat' dir='ltr'>ladam</span> <span class='ocrx_word' id='word_1_320' title='bbox 494 4300 687 4387; x_wconf 79' lang='lat' dir='ltr'>prodentibus,</span> <span class='ocrx_word' id='word_1_321' title='bbox 707 4299 767 4356; x_wconf 84' lang='lat' dir='ltr'>aliia</span> <span class='ocrx_word' id='word_1_322' title='bbox 785 4300 821 4357; x_wconf 89' lang='lat' dir='ltr'>ad</span> <span class='ocrx_word' id='word_1_323' title='bbox 833 4297 890 4376; x_wconf 80' lang='lat' dir='ltr'>ipsa</span> <span class='ocrx_word' id='word_1_324' title='bbox 905 4295 1001 4354; x_wconf 77' lang='lat' dir='ltr'>Romae</span> <span class='ocrx_word' id='word_1_325' title='bbox 1014 4295 1074 4352; x_wconf 87' lang='lat' dir='ltr'>loca</span> <span class='ocrx_word' id='word_1_326' title='bbox 1087 4314 1149 4351; x_wconf 88' lang='lat' dir='ltr'>cum</span> <span class='ocrx_word' id='word_1_327' title='bbox 1162 4294 1226 4354; x_wconf 87' lang='lat' dir='ltr'>liliia</span> <span class='ocrx_word' id='word_1_328' title='bbox 1240 4297 1319 4373; x_wconf 83' lang='lat' dir='ltr'>Argo</span> <span class='ocrx_word' id='word_1_329' title='bbox 1329 4311 1358 4354; x_wconf 87' lang='lat' dir='ltr'>et</span> <span class='ocrx_word' id='word_1_330' title='bbox 1393 4296 1395 4300; x_wconf 79' lang='grc'><strong>’</strong></span> 
     </span>
    </p>
   </div>
   <div class='ocr_carea' id='block_1_5' title="bbox 384 4386 1363 4809">
    <p class='ocr_par' dir='ltr' id='par_1_7' title="bbox 384 4386 1362 4748">
     <span class='ocr_line' id='line_1_39' title="bbox 385 4386 1358 4480; baseline -0.01 -26"><span class='ocrx_word' id='word_1_331' title='bbox 385 4403 511 4480; x_wconf 74' lang='lat' dir='ltr'>Atgrov.</span> <span class='ocrx_word' id='word_1_332' title='bbox 526 4396 605 4455; x_wconf 86' lang='lat' dir='ltr'>Serv.</span> <span class='ocrx_word' id='word_1_333' title='bbox 619 4392 654 4450; x_wconf 89' lang='lat' dir='ltr'>ad</span> <span class='ocrx_word' id='word_1_334' title='bbox 672 4389 755 4461; x_wconf 89' lang='lat' dir='ltr'>VIII,</span> <span class='ocrx_word' id='word_1_335' title='bbox 776 4413 841 4471; x_wconf 81' lang='lat'>345.</span> <span class='ocrx_word' id='word_1_336' title='bbox 882 4390 956 4447; x_wconf 81' lang='lat' dir='ltr'>Tota</span> <span class='ocrx_word' id='word_1_337' title='bbox 977 4404 1065 4446; x_wconf 83' lang='lat' dir='ltr'>tamen</span> <span class='ocrx_word' id='word_1_338' title='bbox 1087 4386 1177 4444; x_wconf 80' lang='lat' dir='ltr'>fabula</span> <span class='ocrx_word' id='word_1_339' title='bbox 1199 4390 1358 4464; x_wconf 64' lang='lat' dir='ltr'>nugatorio,</span> 
     </span>
     <span class='ocr_line' id='line_1_40' title="bbox 384 4478 1358 4569; baseline -0.014 -22"><span class='ocrx_word' id='word_1_340' title='bbox 384 4508 506 4568; x_wconf 72' lang='lat' dir='ltr'>quantum</span> <span class='ocrx_word' id='word_1_341' title='bbox 527 4487 641 4569; x_wconf 84' lang='lat' dir='ltr'>quidem</span> <span class='ocrx_word' id='word_1_342' title='bbox 661 4484 755 4552; x_wconf 80' lang='lat' dir='ltr'>rideo,</span> <span class='ocrx_word' id='word_1_343' title='bbox 774 4484 917 4540; x_wconf 85' lang='lat' dir='ltr'>verborum</span> <span class='ocrx_word' id='word_1_344' title='bbox 934 4479 1004 4538; x_wconf 83' lang='lat' dir='ltr'>lusui</span> <span class='ocrx_word' id='word_1_345' title='bbox 1025 4478 1160 4557; x_wconf 82' lang='lat' dir='ltr'>originem</span> <span class='ocrx_word' id='word_1_346' title='bbox 1179 4479 1272 4548; x_wconf 85' lang='lat' dir='ltr'>debet,</span> <span class='ocrx_word' id='word_1_347' title='bbox 1292 4483 1358 4542; x_wconf 63' lang='grc' dir='ltr'>κε</span> 
     </span>
     <span class='ocr_line' id='line_1_41' title="bbox 386 4566 1362 4659; baseline -0.013 -24"><span class='ocrx_word' id='word_1_348' title='bbox 386 4577 497 4649; x_wconf 87' lang='lat' dir='ltr'>Daunia,</span> <span class='ocrx_word' id='word_1_349' title='bbox 517 4600 579 4659; x_wconf 84' lang='lat' dir='ltr'>quae</span> <span class='ocrx_word' id='word_1_350' title='bbox 594 4574 705 4653; x_wconf 75' lang='lat' dir='ltr'>Apuliae</span> <span class='ocrx_word' id='word_1_351' title='bbox 722 4593 783 4650; x_wconf 87' lang='lat' dir='ltr'>para</span> <span class='ocrx_word' id='word_1_352' title='bbox 796 4573 844 4639; x_wconf 78' lang='lat' dir='ltr'>est,</span> <span class='ocrx_word' id='word_1_353' title='bbox 864 4567 1005 4635; x_wconf 70' lang='lat' dir='ltr'>aDanae,</span> <span class='ocrx_word' id='word_1_354' title='bbox 1019 4566 1120 4624; x_wconf 82' lang='lat' dir='ltr'>Acrifii</span> <span class='ocrx_word' id='word_1_355' title='bbox 1139 4566 1194 4624; x_wconf 79' lang='lat' dir='ltr'>filia</span> <span class='ocrx_word' id='word_1_356' title='bbox 1215 4587 1313 4630; x_wconf 80' lang='lat' dir='ltr'>nornen</span> <span class='ocrx_word' id='word_1_357' title='bbox 1332 4589 1362 4633; x_wconf 66' lang='lat' dir='ltr'>et</span> 
     </span>
     <span class='ocr_line' id='line_1_42' title="bbox 384 4656 1362 4748; baseline -0.005 -22"><span class='ocrx_word' id='word_1_358' title='bbox 384 4670 487 4733; x_wconf 71' lang='lat' dir='ltr'>colonos</span> <span class='ocrx_word' id='word_1_359' title='bbox 504 4665 653 4748; x_wconf 85' lang='lat' dir='ltr'>acceperit.</span> <span class='ocrx_word' id='word_1_360' title='bbox 693 4665 721 4720; x_wconf 73' lang='lat' dir='ltr'>A</span> <span class='ocrx_word' id='word_1_361' title='bbox 736 4661 841 4721; x_wconf 83' lang='lat' dir='ltr'>Daunia</span> <span class='ocrx_word' id='word_1_362' title='bbox 852 4673 942 4719; x_wconf 87' lang='lat' dir='ltr'>autem</span> <span class='ocrx_word' id='word_1_363' title='bbox 955 4677 1017 4715; x_wconf 88' lang='lat' dir='ltr'>cum</span> <span class='ocrx_word' id='word_1_364' title='bbox 1040 4656 1156 4715; x_wconf 80' lang='lat' dir='ltr'>Rutulos</span> <span class='ocrx_word' id='word_1_365' title='bbox 1175 4672 1265 4718; x_wconf 85' lang='lat' dir='ltr'>ortum</span> <span class='ocrx_word' id='word_1_366' title='bbox 1284 4675 1362 4721; x_wconf 85' lang='lat' dir='ltr'>trax·</span> 
     </span>
    </p>

    <p class='ocr_par' dir='ltr' id='par_1_8' title="bbox 1316 4750 1363 4809">
     <span class='ocr_line' id='line_1_43' title="bbox 1316 4750 1363 4809; baseline 0 0"><span class='ocrx_word' id='word_1_367' title='bbox 1316 4750 1363 4809; x_wconf 84' lang='lat' dir='ltr'>ilie</span> 
     </span>
    </p>
   </div>
   <div class='ocr_carea' id='block_1_6' title="bbox 0 0 1751 6234">
    <p class='ocr_par' dir='ltr' id='par_1_9' title="bbox 0 0 1751 6234">
     <span class='ocr_line' id='line_1_44' title="bbox 0 0 1751 6234; baseline 0 0"><span class='ocrx_word' id='word_1_368' title='bbox 0 0 1751 6234; x_wconf 95' lang='lat' dir='ltr'> </span> 
     </span>
    </p>
   </div>
  </div>
 </body>
</html>
