3475 6234
312 760 367 857 ’11

583 873 673 946 no
714 852 996 946 etenum
1036 873 1123 948 xtt.
1270 897 1334 971 721

362 1093 425 1133 rum
446 1072 539 1134 AEueoe
554 1086 584 1132 et
603 1072 743 1133 intervalli
763 1073 835 1133 inter
856 1074 1003 1133 Lavinium
1024 1091 1052 1134 et
1065 1076 1167 1133 Albam
1186 1073 1337 1138 conditam,
1432 1088 1434 1093 ’

364 1163 439 1240 quod
460 1165 543 1226 XXX
563 1185 696 1224 00001001
724 1165 772 1231 eil,
803 1164 883 1222 sucile
904 1165 1079 1244 intelligitur,
1107 1165 1202 1223 saltem
1224 1164 1258 1222 ud
1281 1183 1336 1242 397

364 1249 408 1312 vel
429 1259 485 1334 398
506 1275 591 1314 00000
610 1256 713 1315 Albani
734 1255 815 1334 regni
835 1256 918 1329 osque
940 1255 974 1313 ud
995 1256 1114 1313 Romam
1132 1254 1272 1313 conditam
1287 1274 1338 1311 00-

364 1331 440 1403 nites
452 1345 613 1425 procedere.
653 1348 688 1405 10
708 1347 759 1404 1100
779 1365 876 1423 regum
897 1347 1009 1404 nomintt
1028 1362 1056 1404 ct
1068 1365 1166 1411 annos,
1185 1365 1237 1424 pro
1249 1345 1338 1404 lubitu

363 1434 455 1510 potius
469 1455 552 1513 quum
563 1451 652 1501 certe,
671 1451 752 1512 puto,
771 1434 947 1504 auctoritate,
966 1433 1158 1513 dispertierunt
1172 1434 1337 1510 scriptores:

364 1539 395 1582 ut
415 1525 488 1603 apud
512 1526 676 1601 Dionysium
699 1540 727 1584 et
751 1523 900 1583 Eusebium
927 1524 1022 1583 uidere
1048 1523 1124 1582 licet.
1163 1524 1338 1589 Rotundum,
1382 1574 1386 1583 .

362 1634 446 1692 quem
457 1615 585 1682 dicimus,
606 1626 750 1673 numerum
772 1614 880 1672 CCCC
903 1633 1034 1672 annorum
1047 1612 1132 1670 eduut
1144 1633 1207 1672 cum
1220 1614 1268 1672 0111
1279 1633 1336 1673 tum

364 1709 466 1766 Strabo
479 1710 515 1767 V.
535 1728 565 1786 p.
588 1727 644 1785 350
657 1708 694 1764 C.
714 1711 810 1783 Ὕςιςοι
831 1705 855 1764 bi
878 1708 1046 1782 rrrgauoou'orr
1066 1709 1144 1763 11000
1165 1707 1281 1784 ἶςοςιΐταιι
1301 1710 1337 1766 τὰ

315 1833 317 1836 v
363 1797 421 1873 ungi
435 1799 554 1868 Ἀμόλιον
574 1811 629 1854 etc-
751 1868 753 1872 Ι

404 1888 468 1962 Qua
479 1886 574 1964 itaque
590 1885 753 1944 auetoriute
767 1882 919 1963 Virgilium
933 1880 1080 1940 addullum
1095 1882 1215 1943 dicemus
1226 1887 1278 1947 hoe
1292 1886 1339 1947 libi

364 1973 490 2042 sumsisse,
509 1991 538 2034 ut
551 1993 683 2033 annorum
707 1993 849 2031 numerum
868 1975 1009 2029 mutaret?
1045 1969 1171 2030 Proclive
1185 1975 1223 2032 est
1235 1975 1339 2042 dicere,

364 2082 428 2123 eum
443 2065 490 2124 fibi
505 2076 646 2144 tamquam
659 2066 750 2140 poitur
770 2063 823 2121 hoc
842 2063 928 2120 licere
946 2061 1059 2138 putasse.
1100 2061 1153 2120 Sed
1175 2064 1280 2123 douior
1301 2071 1339 2128 esl

364 2157 450 2234 poete
470 2153 623 2232 Virgilius,
644 2171 726 2231 quem
751 2165 781 2209 ut
795 2151 847 2208 stne
864 2150 968 2208 ratione
982 2149 1133 2228 quicquam
1147 2153 1277 2214 adversus
1291 2176 1341 2214 00-

364 2247 490 2308 tiffiman
501 2246 673 2315 historiarum
688 2244 769 2303 sudem
781 2244 888 2301 novelle
901 2257 948 2300 aut
961 2240 997 2299 01)
1009 2242 1086 2301 omui
1099 2245 1205 2303 ratione
1214 2249 1340 2308 recesstlse

365 2335 458 2395 videri
479 2335 589 2394 debeat.
630 2334 723 2393 Potuit
745 2333 847 2393 scilicet
860 2332 935 2391 aliud
953 2333 1077 2405 computi
1090 2350 1259 2394 momentum
1276 2357 1341 2396 con·

366 2427 487 2493 stituere,
507 2442 536 2485 ut
546 2426 620 2485 intro
631 2423 744 2484 Romuli
757 2438 786 2481 et
800 2423 881 2481 Remi
893 2423 996 2481 natales
1009 2421 1174 2483 subfilleret:
1204 2427 1256 2484 Hic
1265 2432 1340 2506 jam,
1434 2459 1438 2466 ·

368 2514 470 2594 iuquit,
482 2533 617 2575 tercentum
629 2530 689 2573 tutor
703 2511 855 2593 regnabitur
867 2536 943 2570 annor
958 2513 1039 2571 Gerrte
1042 2512 1094 2590 sub
1102 2515 1247 2578 Hectorea:
1268 2521 1342 2577 donee

364 2612 457 2683 regina
470 2609 591 2682 sacerdos
604 2602 694 2662 Marte
708 2609 809 2682 gravis
824 2601 950 2680 gerru‘narrr
967 2619 1048 2679 partu
1060 2601 1135 2661 tabit
1148 2605 1202 2662 Ilia
1218 2607 1336 2683 prolem:

366 2697 433 2754 Inde
451 2713 505 2754 etc.
547 2695 693 2754 Subductis
708 2696 763 2754 XX
777 2695 821 2751 vel
837 2694 918 2752 XXX
937 2695 1025 2758 annis,
1050 2693 1149 2772 quibus
1163 2696 1342 2757 adoleverant

367 2787 500 2845 Romulus
520 2802 549 2845 et
572 2789 688 2851 Remus,
709 2801 857 2861 antequam
878 2783 996 2842 Romam
1017 2783 1180 2850 conderent,
1206 2788 1340 2866 reliquum

368 2892 527 2940 numerum,
554 2893 584 2934 ut
598 2878 694 2954 po'e'ta,
718 2875 803 2934 crasse
821 2873 952 2932 indicasse
975 2873 1064 2932 videri
1086 2878 1182 2950 potest.
1222 2880 1344 2942 Videtur

368 2967 454 3026 etium
469 2967 598 3045 sequutus
609 2967 661 3024 else
675 2964 883 3043 arcanumquid
897 2982 925 3023 et
939 2967 1010 3042 Jove
1024 2964 1193 3024 vaticinante
1212 2970 1342 3049 dignum,
1426 3028 1429 3041 ,

367 3070 399 3115 ut
416 3058 493 3116 sacro
506 3075 621 3114 numero
640 3055 822 3134 procederent
836 3054 949 3112 omnia:
977 3078 1004 3133 3.
1021 3074 1068 3133 30·
1083 3075 1158 3129 3003
1179 3078 1243 3118 narn
1261 3064 1343 3121 tertio

368 3166 443 3205 0000
456 3147 556 3205 AEocur
574 3147 646 3204 inter
659 3147 759 3204 heroes
772 3146 911 3222 indigetes
924 3161 1062 3224 receptus,
1082 3145 1222 3224 trigesimo
1232 3154 1346 3211 condita
1411 3204 1421 3221 ,

371 3237 455 3301 Alba,
475 3235 515 3295 ibi
527 3256 576 3314 per
589 3252 727 3294 trecentos
741 3254 826 3293 annos
839 3250 1006 3311 regnatum:
1027 3256 1088 3313 qttae
1103 3237 1215 3314 Spencii
1229 3263 1281 3301 nott
1301 3243 1345 3301 in-

367 3327 481 3404 elegant
499 3327 536 3385 est
554 3327 709 3386 observatio
729 3327 758 3385 10
778 3326 984 3386 Holdeswortlti
1003 3327 1069 3385 obss.
1094 3347 1159 3406 pag.
1183 3350 1248 3411 ²¹5·
1291 3336 1344 3393 Sul

370 3415 590 3494 simpliciflimum
602 3417 639 3475 est
660 3416 764 3483 dicere,
791 3418 869 3476 suille
883 3417 948 3475 olim
963 3418 1097 3483 auclores,
1117 3418 1200 3495 inque
1214 3442 1260 3481 eos
1278 3423 1345 3482 l‘ir.

299 3505 302 3509 ’
369 3505 469 3585 gilium
482 3506 617 3573 incidisse,
637 3507 685 3584 qui
705 3507 881 3566 intervallum
895 3507 962 3566 illud
977 3521 1130 3584 temporum
1144 3509 1271 3585 usquead
1292 3516 1348 3570 Ru-

370 3616 446 3656 01001
464 3595 605 3655 conditam
619 3597 767 3655 artioribus
784 3595 880 3654 finibus
902 3595 1095 3652 includerent:
1130 3598 1203 3673 quod
1222 3600 1251 3658 in
1271 3618 1347 3662 tanta

370 3701 530 3766 temporum
543 3686 731 3763 antiquiorum
745 3685 864 3762 caligine
880 3699 908 3742 et
924 3682 1083 3741 dirlicultate
1097 3685 1196 3745 sallum
1211 3692 1282 3748 adeo
1295 3693 1348 3751 im-

370 3776 516 3854 probabile
540 3796 594 3835 000
614 3777 657 3842 fit,
676 3795 741 3834 cum
762 3774 847 3832 etiam
868 3774 998 3850 Trogum
1020 3772 1132 3833 sumilctn
1156 3781 1349 3840 austorimtem

370 3867 514 3943 sequutum
528 3867 579 3926 else
593 3886 628 3924 ex
645 3865 750 3941 Jullino
762 3863 944 3941 intelligatur.

371 3971 375 3981 ’
410 3958 551 4016 Caeterum
572 3957 601 4014 in
621 3957 676 4022 his,
697 3976 757 4033 quae
779 3975 795 4012 a
817 3955 895 4012 uobis
917 3956 1038 4030 expofita
1052 3955 1123 4019 suut,
1144 3974 1207 4014 cum
1227 3977 1351 4019 comme·

370 4063 512 4107 morentur
534 4047 676 4111 nonnulla,
698 4067 757 4123 quo
779 4046 807 4102 10
829 4045 926 4122 primis
951 4047 1037 4103 [latim
1057 4045 1133 4102 Livii
1155 4050 1199 4105 vel
1224 4050 1351 4128 Dionysti

371 4136 445 4196 soliis
455 4152 615 4202 occurrunt,
630 4149 709 4194 erunt
722 4137 806 4200 sorte,
821 4136 870 4211 qui
881 4151 962 4193 acute
972 4136 1018 4193 stbi
1032 4135 1183 4195 observasse
1193 4139 1351 4208 videantur,

373 4226 488 4284 mesatis
500 4225 765 4305 triupersequutum
783 4229 848 4293 else,
887 4229 990 4286 Verum
1004 4226 1032 4283 in
1046 4242 1104 4284 toto
1115 4227 1167 4285 ltoc
1180 4250 1283 4307 genere
1297 4251 1351 4289 0οο

373 4317 470 4382 refert,
489 4317 555 4393 quid
576 4316 623 4374 0111
637 4314 770 4381 dixerint,
786 4316 829 4375 sed
847 4317 914 4393 quid
929 4335 1000 4372 nuuc
1015 4335 1031 4371 0
1047 4331 1074 4372 te
1087 4316 1233 4376 dicendum
1249 4320 1353 4388 suerit,

372 4423 515 4466 tumuero
537 4406 605 4466 illud
628 4405 767 4483 inprimis,
780 4406 988 4469 attendendum,
1018 4426 1083 4462 num
1107 4407 1154 4463 0111
1177 4409 1284 4467 easdem
1310 4429 1354 4468 reu

372 4497 472 4556 eodem
482 4495 603 4570 judicio,
616 4495 713 4554 eodem
728 4496 851 4560 00011110,
865 4496 963 4552 eadem
974 4514 1041 4552 cora
1059 4513 1092 4552 ac
1108 4493 1254 4574 diligentia
1267 4519 1353 4577 expo-

369 4584 485 4648 suerint.
526 4585 593 4644 Dici
606 4604 698 4643 aurem
713 4584 761 4644 uix
775 4585 874 4663 potest,
893 4602 977 4658 quant
992 4603 1091 4661 parum
1101 4582 1209 4658 judicio
1230 4589 1277 4647 suo
1299 4592 1353 4649 tri.

413 4676 503 4733 Tuti.
526 4674 578 4732 111.
886 4673 943 4734 Zz
1272 4682 1356 4743 buere
