3475 6234
417 938 420 948 ¹
501 839 767 918 Parosta
805 802 1185 937 anamotus.
1304 890 1327 973 7
1369 795 1374 804 ¹

328 1051 540 1125 etiamnum
556 1046 740 1149 profiteor,
765 1049 894 1127 habere
920 1076 980 1127 me
1007 1056 1076 1131 hoc
1102 1052 1138 1132 in
1156 1064 1258 1151 votis,
1282 1079 1322 1141 ut

328 1178 378 1250 ad
402 1177 604 1251 editionem
636 1178 727 1250 hanc
751 1172 856 1251 novis
882 1181 975 1253 curis
1001 1184 1257 1259 emendandam
1278 1204 1320 1262 a'c

333 1300 626 1397 locupletandam
649 1301 834 1377 conserant
860 1306 939 1379 suas
956 1330 1042 1405 opes
1064 1328 1100 1382 et
1115 1311 1236 1406 copias
1253 1313 1321 1388 viri
1380 1324 1383 1331 '

334 1428 430 1501 docti
455 1448 492 1501 et
510 1429 669 1526 publice
692 1449 908 1529 proponant,
933 1437 996 1531 qui
1014 1437 1050 1508 in
1076 1435 1186 1533 po'e'ta
1210 1438 1322 1509 inter·

336 1555 510 1647 prerando
525 1574 736 1631 cantentur.
763 1559 819 1634 Ita
835 1559 984 1633 demum
1001 1562 1177 1660 expectari
1192 1562 1321 1660 potest,

333 1694 373 1748 ut
388 1677 550 1752 summus
566 1680 673 1780 po'e‘ta
689 1682 839 1780 dignam
856 1682 891 1754 se
901 1680 1123 1756 nanciscatur
1138 1683 1317 1778 interpre-

328 1802 519 1877 tationem.
571 1807 662 1880 Sunt
690 1807 787 1881 enim
816 1807 854 1879 in
882 1808 950 1880 hoc
977 1830 1107 1904 genere
1121 1807 1320 1898 innumera,

328 1930 369 2003 in
384 1953 467 2026 quae
483 1927 623 2008 incidas
638 1930 770 2027 potius,
793 1952 902 2026 quam
920 1945 961 2000 ut
975 1952 1014 2001 ea
1032 1928 1238 2005 meditando
1252 1958 1316 2009 cx-

328 2052 470 2140 tundas,
507 2075 571 2125 nec
600 2050 706 2129 unius
736 2051 839 2124 sacile
871 2050 1026 2122 hominis
1056 2048 1224 2148 sagacitas
1250 2076 1312 2130 aut

329 2172 487 2247 lhtdium
502 2174 736 2269 consequatur
755 2175 891 2247 omnia.
908 2200 912 2211 ’
946 2172 1057 2246 Fuere
1080 2197 1223 2272 quoque
1246 2178 1314 2251 viri

328 2297 439 2384 soei,
461 2298 526 2394 qui
542 2297 634 2370 votis
666 2296 721 2369 his
746 2298 835 2371 meis
859 2294 1123 2392 responderent.
1175 2297 1314 2398 Propo·

328 2423 426 2496 suere
454 2423 552 2495 enim
579 2422 825 2518 supplementa
854 2424 892 2496 in
917 2422 1097 2521 Georgica
1123 2422 1313 2514 Geislerus,

329 2544 579 2643 Bergllraelser,
603 2543 760 2634 Neaker,
794 2545 863 2618 viri
883 2543 1086 2631 dodlissrmi,
1117 2545 1212 2620 inter
1228 2571 1312 2645 quae

327 2695 400 2743 non
416 2694 530 2766 pauca
544 2673 638 2762 sunt,
661 2694 744 2767 quoe
772 2667 848 2767 ipse
874 2669 912 2742 in
941 2692 1033 2750 nova
1049 2668 1179 2765 prioris
1198 2671 1312 2748 Volu.

329 2793 441 2864 minis
474 2793 670 2869 recensione
695 2792 943 2888 amplecienda
970 2793 1116 2890 putabo.
1171 2796 1309 2893 Accepi

329 2916 592 2989 communicata
609 2918 678 2990 alia
694 2941 758 3013 per
778 2917 914 2990 litteras
930 2940 951 2989 a
968 2915 1056 2989 Ven.
1075 2915 1250 3006 Emestio,
1273 2937 1311 2994 et

325 3039 592 3132 aRuhnkcnio,
619 3043 698 3115 viro
726 3044 763 3115 in
791 3060 866 3113 arte
893 3040 1018 3113 critica
1038 3040 1220 3138 utriusque
1236 3041 1309 3114 ser.

325 3168 443 3242 monis
469 3167 623 3256 summo,
656 3192 739 3266 quae
761 3165 1017 3263 supplementis
1034 3164 1154 3245 Totno
1180 3187 1307 3263 quarto
1386 3194 1391 3199 ·

325 3293 554 3390 subjiciendis
570 3290 718 3365 inserere
734 3288 915 3363 constitui.

375 3419 416 3490 ln
434 3420 603 3491 varietate
618 3415 794 3493 enotanda
816 3416 862 3491 ab
891 3412 996 3487 initio
1019 3439 1108 3486 onus
1126 3417 1215 3490 mihi
1234 3420 1305 3495 im.

323 3541 525 3636 posueram,
550 3538 628 3636 ipso
653 3561 774 3636 opcrae
799 3535 959 3634 processu
986 3535 1075 3614 adeo
1103 3537 1305 3628 molestum,

322 3689 364 3739 ut
378 3669 561 3743 interdum
578 3667 639 3739 vix
656 3666 797 3739 tolerari
813 3665 909 3761 posse
926 3664 1114 3739 videretur.
1164 3663 1232 3738 Sed
1248 3689 1306 3738 re.

322 3819 488 3892 ceperam
504 3794 626 3879 semel,
650 3814 796 3863 omnem
814 3812 873 3861 me
890 3789 1097 3862 varietatem
1108 3809 1180 3861 non
1194 3786 1305 3863 modo

319 3919 366 3991 ab
384 3916 535 3991 Heinsio
551 3934 587 3990 et
605 3917 810 3989 Burmanno
823 3930 1015 4003 enotatam,
1033 3933 1156 3988 verum
1174 3927 1209 3983 et
1221 3909 1304 3989 Pte.

320 4045 467 4130 rianam,
491 4062 529 4114 et
544 4041 592 4112 stc
609 4065 727 4137 porro,
752 4038 818 4111 else
834 4036 1073 4134 adjeelurum;
1099 4057 1185 4107 cum
1201 4036 1305 4130 equi.

318 4167 405 4238 dem
421 4166 534 4239 sidem
549 4183 677 4261 putem
698 4162 766 4236 esse
790 4159 1028 4258 praestandam
1052 4157 1159 4231 etiam
1186 4159 1225 4231 in
1249 4181 1303 4245 eo,

319 4293 418 4386 quod
445 4294 541 4366 male
569 4290 756 4387 receperis,
781 4286 881 4359 nolui
906 4285 952 4357 ab
979 4308 1033 4374 eo,
1068 4282 1166 4380 quod
1194 4280 1304 4358 semel

319 4418 522 4515 susceptum
550 4433 638 4504 erat,
662 4413 835 4488 recedere.
863 4410 987 4482 ·Tum
1003 4408 1161 4479 virorum
1178 4403 1304 4479 doeio.

319 4564 401 4614 nrm
410 4540 552 4641 judicia
576 4536 682 4635 super
696 4535 865 4608 varietate
889 4529 1048 4604 lectionis
1073 4543 1108 4597 et
1134 4523 1304 4602 codicum

315 4664 588 4778 comparatione
611 4662 822 4773 plerumque
840 4654 988 4743 essunt,
1022 4669 1062 4723 ut
1087 4647 1178 4725 nihil
1193 4648 1305 4844 oppits

1158 4786 1217 4853 till
1245 4787 1310 4850 um
