3475 6234
518 895 832 988 AENEIDOS,
870 897 987 975 LIB.
1024 898 1115 975 XII.
1233 899 1304 998 645
1373 928 1375 933 ’

309 1089 559 1193 Turbatosque
571 1094 689 1183 duces,
714 1092 829 1167 subita
845 1091 906 1188 spe
923 1093 1077 1168 fervidus
1094 1096 1211 1168 ardet:
1227 1117 1271 1188 32
1277 1115 1296 1192 ς

310 1228 432 1303 Poscit
448 1231 570 1329 equos,
589 1249 696 1328 atque
707 1254 806 1301 arma
822 1228 940 1319 simul,
958 1230 1116 1329 saltuque
1131 1228 1297 1328 superbus
1330 1339 1337 1349 .

310 1368 455 1444 Emicat
469 1372 506 1442 in
524 1396 680 1456 currum,
704 1388 739 1441 et
754 1368 919 1442 manibus
932 1372 1079 1443 molitur
1095 1369 1261 1450 habenas.
1300 1394 1305 1403 “

311 1505 433 1585 Multa
447 1507 566 1580 virum
578 1505 727 1578 volitans
744 1506 805 1580 dat
822 1507 929 1602 sortia
945 1531 1094 1605 corpora
1112 1505 1207 1578 letor
1283 1554 1288 1562 ·

308 1639 508 1715 Semineces
525 1643 639 1714 volvit
649 1642 791 1731 multos,
816 1662 877 1716 aut
893 1643 1037 1739 agmina
1049 1665 1155 1712 curru

308 1774 546 1865 Proterit,'aut
561 1797 679 1873 raptas
697 1778 918 1875 fugientibus
938 1776 1069 1874 ingerit
1085 1773 1211 1847 hastas,
1224 1797 1244 1867 3
1248 1795 1297 1868 30

307 1914 433 2012 Qalis
447 1914 543 2010 apud
554 1915 666 2011 gelidi
685 1939 770 1989 cum
787 1916 936 1989 flumina
954 1912 1116 1984 concitus
1136 1915 1252 1986 Hebri

306 2058 525 2155 Sanguineus
543 2056 691 2128 Mavors
707 2032 827 2150 clipeo
844 2055 1015 2149 increpat,
1026 2070 1134 2149 atque
1146 2052 1309 2127 furentis⁴
1390 2127 1393 2135 ,

306 2197 567 2270 Bellamovens
581 2193 734 2265 inmittit
752 2215 884 2288 equos:
912 2191 966 2262 illi
983 2213 1125 2287 aequore
1138 2207 1261 2295 aperto

337 2439 394 2486 325.
411 2429 486 2473 ardere
504 2422 624 2471 Zulich.a
635 2438 667 2470 m.
681 2422 725 2471 sec.
736 2419 929 2488 sefion-326.
940 2421 1031 2485 stipulo
1044 2421 1147 2472 Dorvill.
1168 2421 1193 2470 in
1213 2398 1293 2486 marg.

297 2504 397 2566 superbos
417 2502 492 2550 Goth.
513 2501 633 2548 altere--
648 2513 702 2560 327.
721 2503 743 2544 in
762 2518 825 2545 curru
842 2509 892 2546 tres
907 2499 1104 2559 Galle—328.
1115 2503 1237 2565 fiprflora
1248 2499 1295 2548 soc·

306 2579 527 2640 Moret.--329.
544 2579 602 2639 curfir
623 2576 687 2638 apud
706 2575 860 2630 Diomedem,
885 2575 924 2622 sed
947 2574 1042 2634 frustra,
1057 2588 1156 2626 notante
1178 2576 1289 2627 Heinsio.

307 2668 430 2714 -330.
455 2655 567 2699 Protrahit
579 2653 613 2699 ed.
636 2667 674 2715 pr.
700 2654 782 2698 Burin.
827 2662 846 2696 es
864 2671 884 2698 r.
907 2653 980 2701 Rom.
1014 2653 1143 2716 fulgentibus
1158 2653 1235 2702 Goth.
1254 2668 1309 2717 pl'.⁴

300 2743 430 2790 -2—332,
450 2729 575 2792 Sanguinem
599 2726 674 2773 Goth.
697 2726 750 2784 sec„
775 2725 816 2773 sed
836 2746 894 2788 equos
916 2726 988 2775 nimiu
1009 2726 1141 2775 ῐαηᾶυῐῃ
1166 2726 1207 2776 est.
1239 2730 1296 2776 Sane

300 2812 399 2874 guinem
415 2806 495 2855 Heins
512 2805 584 2868 conj„
600 2804 730 2867 ingeniose.
765 2803 812 2851 Sed
830 2805 892 2852 nihil
915 2805 1028 2868 estquod
1046 2806 1070 2852 in
1092 2819 1187 2870 recepta
1209 2823 1292 2871 repre·

303 2884 400 2932 heudas.
446 2888 531 2930 concitur
553 2882 586 2929 est
603 2898 646 2944 pro
670 2881 793 2937 adverbio,
819 2882 945 2932 concitate.
979 2883 1061 2929 inionae
1091 2884 1163 2942 Rqrp.
1188 2884 1291 2943 Medic„

303 2962 411 3025 adeoque
422 2958 556 3015 veterrimi,
573 2970 624 3004 rum
639 2957 762 3004 Monralb.
773 2959 882 3016 Vraiisl.,
898 2959 992 3007 dosliue
1003 2959 1205 3011 tanrenalterum.
1225 2963 1290 3011 Vido

301 3039 332 3087 ad
344 3041 410 3096 Vlll,
424 3051 481 3097 527.
514 3035 784 3099 increpitusques.l.cld.
798 3037 908 3084 etGosli.
920 3049 975 3085 tert.
1002 3025 1287 3100 frmensis'Medlmm.

300 3133 350 3183 pr.,
365 3117 429 3182 quod
438 3115 551 3178 quorsum
563 3113 677 3177 exemplis
685 3115 800 3177 congellis
811 3117 963 3163 commendet
973 3113 1084 3163 Heinsius
1103 3132 1150 3164 nou
1163 3116 1231 3167 facile
1251 3119 1289 3167 di·

237 3196 240 3201 '
300 3194 375 3251 xeris;
401 3210 458 3241 nom
476 3213 534 3256 equos
545 3195 659 3254 frementes
678 3191 725 3239 dici
744 3191 808 3257 poll'e
820 3208 893 3241 uerno
911 3204 1000 3258 neget:
1029 3192 1105 3241 sedin
1117 3193 1181 3258 lapsu
1193 3195 1288 3262 calami¹

299 3290 378 3338 eoque
397 3271 426 3319 ab
439 3271 489 3335 ipso
505 3270 602 3318 librario
612 3270 674 3319 sorte
686 3270 808 3330 damnato,
824 3288 924 3336 operam
935 3265 1073 3320 consumere
1085 3272 1240 3336 piget—3
1245 3289 1257 3334 3
1260 3291 1287 3338 3,

299 3355 384 3410 mr'tiir,
400 3349 464 3415 quod
473 3349 570 3395 damnat
585 3347 679 3406 Heius„
694 3364 722 3395 ex
731 3350 800 3398 editt.
813 3350 941 3409 Pulrnarm.
953 3361 976 3398 et
986 3350 1052 3396 Dan.
1064 3347 1154 3397 Heinfii
1163 3349 1204 3398 est.
1221 3353 1287 3403 Nam
1311 3378 1314 3383 .

299 3428 398 3494 ubique,
414 3438 532 3492 quantum
544 3426 625 3487 video,
640 3426 841 3492 immittitlegitur·
1036 3419 1039 3424 ¹
1207 3444 1209 3452 ⁴
1304 3435 1306 3438 '

298 3611 330 3650 ac
353 3591 489 3650 virtutem.
543 3590 608 3665 326.
632 3591 767 3667 superbus,
815 3590 903 3648 Marti
930 3591 1004 3648 sedes
1028 3592 1137 3668 proprie
1157 3592 1284 3668 assignata

298 3688 371 3727 nunc
397 3688 457 3744 pr0,
484 3667 630 3732 animosus,
656 3671 767 3737 audax3
815 3668 947 3725 Thracia.
969 3671 1143 3745 Sanguinem:
1161 3672 1284 3747 gaudena

296 3763 325 3806 et
336 3745 434 3805 molitur
442 3752 529 3822 poeta:
543 3743 630 3819 simpl.
645 3764 696 3821 pro
709 3765 765 3801 mo·
814 3745 956 3821 sanguine,
970 3747 1127 3822 αἱμοχκξῆς.
1169 3746 1210 3802 lia
1225 3748 1284 3803 Ser·

297 3840 355 3893 vet,
387 3823 508 3898 adeoque
544 3823 650 3887 narrar,
684 3821 763 3898 regit.
812 3821 891 3879 vius:
926 3842 980 3899 qua
1002 3823 1163 3880 auctoritare
1181 3823 1309 3882 nescio.-

298 3922 314 3977 3
319 3922 365 3976 30.
386 3900 469 3976 hastas
482 3915 580 3974 raptas,
602 3898 688 3973 simpl.
703 3918 762 3954 cor·
814 3897 889 3955 Nam
914 3901 980 3956 alias
992 3900 1053 3956 esset
1065 3917 1202 3968 cruentus,
1222 3903 1281 3961 lan·

297 3994 395 4056 reptas,
439 3992 565 4051 arreptas.
613 3974 659 4031 Sic
685 3977 762 4052 sepe.
787 4046 789 4048 v
810 3976 1198 4053 guinerespersus,aip2r0'ns.
1222 4003 1278 4039 con·

296 4057 387 4114 Curru
404 4056 494 4111 vedius
505 4072 557 4108 non
569 4069 673 4128 poterat
681 4052 764 4109 hallas
812 4066 887 4123 eiius,
907 4056 1054 4121 concitate,
1074 4056 1148 4133 clipeo
1157 4067 1280 4136 increpui,

295 4131 487 4190 evulneribus
508 4130 656 4186 edutlaset
676 4144 764 4207 raptas
812 4131 904 4200 dot'le,
938 4152 987 4207 pro
1026 4133 1144 4211 clipeum
1180 4153 1280 4208 moret,

289 4212 390 4289 jacere.
812 4208 911 4284 quatit,
933 4223 1019 4266 rotat:
1042 4212 1115 4288 quod
1127 4211 1230 4268 faciens
1240 4214 1280 4268 al-

336 4311 385 4365 33¹
416 4288 470 4366 seq.
505 4282 625 4341 Mirifice
650 4298 762 4340 exornat
812 4286 1182 4363 lisoelipeosoniiumsaeit.
1206 4288 1279 4347 Nam

293 4368 525 4444 comparationem
572 4362 763 4428 Homericam.
812 4364 949 4420 diversum
968 4368 1015 4431 eil,
1035 4366 1152 4439 elipeum
1178 4365 1281 4440 pulsare

294 4445 341 4503 etfi
352 4441 520 4529 simplicitate
532 4454 559 4496 et
567 4438 699 4517 gravitate
708 4459 762 4498 uon
813 4442 899 4498 halla:
936 4441 981 4496 Sic
995 4439 1094 4516 aliquis
1107 4441 1178 4518 hesta
1192 4442 1278 4500 iucre-

293 4521 382 4578 minus
397 4519 541 4596 insignem,
562 4519 642 4574 Iliad.
657 4546 683 4585 u,
705 4521 760 4593 298
810 4533 875 4594 pat;
897 4517 1060 4592 nonclipeo.
1081 4518 1277 4590 Bellamovem,

291 4597 350 4674 sqq.
386 4597 467 4651 Adde
492 4595 572 4650 lliad.
588 4621 611 4658 υ,
637 4599 690 4652 208
706 4594 761 4669 seq.
810 4596 897 4670 simpl.
922 4614 971 4671 pro
1005 4591 1116 4660 faciens,
1165 4615 1276 4673 ugnam.

292 4675 383 4731 Aliter
408 4671 529 4748 expressit
561 4672 653 4728 locum
681 4671 764 4726 Silius
812 4674 963 4735 shracaex
984 4675 1129 4748 Oqluepro
1143 4616 1276 4736 lutecia.

292 4753 366 4830 opud
378 4751 497 4808 Cerdaru
512 4747 577 4826 (lib.
588 4747 615 4815 1,
626 4767 662 4827 43
667 4745 763 4828 3sqq.)
810 4759 958 4829 circumque,
987 4749 1062 4809 circa
1082 4749 1174 4818 deuio,
1194 4773 1278 4833 agion.
