3475 6234
456 529 2838 938 ψ

739 1310 836 1391 54
1027 1299 1120 1373 Ρ,
1203 1282 1769 1373 Ἡιωιωῑ
1848 1282 2428 1365 MARQNJS

745 1571 754 1577 ,
841 1488 1030 1560 Haec
1065 1485 1191 1558 ubi
1224 1483 1414 1567 dieta.
1443 1480 1665 1568 dedit,
1707 1501 1925 1565 terras
1962 1482 2312 1561 horrenda
2341 1483 2602 1581 petivit
2632 1508 2660 1557 τ

747 1619 1172 1727 Lustificam
1208 1613 1489 1687 All-«zeto
1520 1611 1834 1710 dirarum
1866 1611 1958 1683 ab
1994 1610 2153 1688 sede
2182 1613 2503 1699 sororum
2561 1637 2709 1708 324

812 1849 924 1894 324.
961 1832 1211 1897 Letbg'ficam
1254 1832 1316 1880 A.
1373 1845 1414 1879 et
1452 1832 1519 1880 D.
1568 1830 1782 1881 Parrhas.
1848 1833 2119 1899 Lqu'feram
2154 1849 2228 1897 pr.
2288 1833 2474 1884 Hamb.
2540 1834 2708 1886 Alleffl

747 1911 923 1960 Medic.
952 1922 997 1956 ct
1016 1910 1176 1956 caeteri
1199 1908 1647 1959 omuesHeinsiani.
1712 1909 1790 1957 Sic
1807 1921 1856 1958 et
1882 1911 2027 1959 Rom.
2064 1925 2176 1958 eum
2200 1908 2375 1973 fragm.
2403 1909 2573 1960 Vatic..
2631 1912 2707 1961 sic

745 2000 795 2035 et
818 1984 896 2034 alii
921 1986 1120 2033 minoris
1143 1985 1322 2042 census,
1354 1995 1410 2032 ut
1440 1984 1543 2033 Ers.
1610 1986 1755 2034 Haud
1777 1984 1920 2034 dubie
1953 1985 2104 2043 κᾶε,
2133 1987 2418 2034 Graecorum
2448 1993 2710 2052 poetarum

744 2061 980 2125 exemplo,
1014 2062 1097 2125 qui
1122 2062 1188 2108 ita
1212 2061 1422 2124 primam
1442 2076 1530 2126 per
1541 2061 1589 2111 se
1611 2062 1811 2111 brevem
1827 2062 2119 2126 producunt.
2174 2062 2249 2110 Sic
2274 2061 2430 2127 Orph.
2457 2062 2558 2125 906
2575 2060 2715 2111 Voss'.

743 2139 999 2195 Ἀλληκτὼ,
1031 2137 1147 2185 etin
1166 2139 1314 2200 Hym.
1339 2135 1421 2196 68,
1443 2151 1491 2186 2.
1561 2139 1613 2186 ln
1637 2137 1733 2186 fine
1771 2139 1947 2187 dearum
1972 2137 2124 2186 Caris.
2161 2149 2210 2187 et
2241 2137 2322 2189 alii
2357 2137 2521 2196 codd„
2553 2138 2714 2187 Medi·

743 2232 854 2265 ceus
877 2231 1067 2280 quoque
1091 2230 1119 2263 a
1136 2230 1204 2262 m.
1230 2230 1307 2278 pr.
1332 2231 1444 2263 cum
1467 2213 1642 2281 fragm.
1678 2214 1855 2264 Vatie..
1895 2214 2056 2264 minus
2076 2213 2274 2280 quidem
2305 2213 2565 2280 eleganter.
2631 2217 2714 2263 So-

747 2310 858 2339 rores
892 2305 1054 2340 tamen
1077 2291 1211 2338 versu
1239 2290 1351 2340 hinc
1384 2291 1532 2340 tertio
1571 2292 1750 2341 iterum
1772 2304 2140 2351 memoranturg
2191 2303 2241 2342 et
2265 2290 2353 2343 inf.
2388 2307 2483 2353 ⁴5⁴
2516 2294 2714 2345 diraru-

746 2368 803 2415 αὐ
823 2368 925 2435 sede
946 2368 1133 2435 sororum
1166 2365 1385 2414 recurrit.
1450 2366 1583 2417 Solet
1606 2379 1772 2418 autem
1793 2368 1957 2437 poeta,
1988 2365 2077 2417 nifi
2109 2366 2180 2417 sui
2202 2383 2375 2434 parum
2414 2381 2606 2429 memor
2638 2366 2714 2431 fit,

748 2444 862 2493 talia
885 2443 1079 2493 diversis
1101 2444 1218 2492 locis
1236 2443 1441 2509 variare.

750 2602 839 2662 seu
889 2609 1130 2665 restituta
1174 2606 1544 2683 Trojanorum
1570 2603 1683 2663 for·
1784 2608 1898 2668 280
1924 2604 2168 2666 immiss'ae
2185 2606 2364 2667 Oresti
2386 2621 2442 2664 et
2458 2602 2714 2676 Herculi,

750 2698 903 2750 tuna,
954 2685 1148 2743 iterum
1192 2684 1496 2762 experietur
1542 2696 1681 2739 tam-
1785 2687 1994 2744 Λύσσαν
2036 2683 2269 2742 Herculi
2291 2685 2360 2741 ab
2388 2683 2500 2762 ipsa
2540 2685 2717 2760 Juno-

752 2781 917 2840 quam
950 2764 1174 2823 alterum
1201 2762 1430 2823 Iliacum
1470 2757 1684 2823 excidi·
1786 2781 1854 2821 ne
1885 2776 1945 2821 ut
1969 2763 2026 2821 h.
2055 2763 2092 2820 1.
2121 2761 2402 2820 immiffam
2426 2761 2486 2817 in
2506 2761 2716 2817 scenam

752 2859 868 2897 um.
947 2843 1171 2897 recidiva
1196 2840 1471 2919 Pergama.
1508 2832 1584 2894 cf.
1610 2835 1684 2893 ad
1790 2838 2019 2917 protulit
2060 2837 2346 2936 Eutigides
2390 2837 2561 2895 Herc.
2603 2836 2716 2907 fur,

754 2916 836 2975 IV
848 2960 866 2985 ,
897 2937 1025 2993 344.
1088 2917 1332 2973 Multum
1359 2913 1614 2991 tragicis
1644 2911 1689 2970 i·
1794 2924 1903 2976 822
1966 2915 2080 2993 sqq.
2177 2918 2446 2973 Laeterum
2496 2913 2720 2972 invento

755 2996 891 3053 ritus
929 2995 1057 3050 huic
1085 2995 1208 3050 loco
1261 2992 1409 3049 inest.
1490 2990 1602 3047 Ver
1630 3011 1688 3048 us
1793 2993 1922 3060 hoe,
1960 2993 2053 3052 etsi
2081 3013 2175 3070 per
2198 2995 2250 3051 se
2275 2993 2408 3049 exili
2425 3007 2480 3048 et
2502 2993 2718 3067 jejune,

759 3079 869 3145 318
914 3071 1229 3127 sententiam
1257 3068 1519 3128 similibus
1545 3068 1694 3124 Tra*
1793 3070 2039 3128 certatim
2080 3071 2152 3127 ufi
2183 3069 2301 3126 sunt
2365 3076 2507 3126 o‘etae
2549 3067 2723 3144 sequi-

711 3181 719 3189 ·
753 3149 1003 3224 gicorum
1058 3146 1193 3205 locis
1236 3146 1462 3204 illustrat
1512 3145 1687 3204 Guel-
1793 3168 1930 3207 ores.
2008 3147 2101 3204 Sic
2129 3147 2298 3204 Ovid.
2323 3090 2409 3202 ἲν
2435 3145 2577 3203 Met.
2604 3165 2720 3218 42²

754 3228 879 3284 lius.
1790 3226 1907 3302 sqq.
1965 3228 2101 3312 (quo
2128 3241 2439 3302 comparato
2491 3222 2723 3299 Virgilii

840 3323 946 3378 3²3
989 3302 1102 3378 sqq.
1148 3302 1401 3377 Sequitur
1438 3302 1590 3359 locus
1614 3302 1684 3358 de
1793 3302 2108 3377 sapientiam
2135 3301 2439 3377 intelligas:
2481 3321 2605 3358 nam
2628 3300 2720 3358 lzic

762 3383 955 3448 Almo,
999 3380 1280 3437 Furiarum
1323 3399 1453 3446 una,
1492 3398 1561 3436 ex
1604 3378 1689 3436 in·
1794 3398 1972 3435 rerum
2001 3379 2259 3462 summam
2309 3377 2557 3454 persequi
2595 3397 2725 3435 con-
