3475 6234
521 1239 864 1332 AENEIDOS,
915 1240 1151 1321 LIB41X.
1271 1277 1341 1359 331

359 1437 500 1515 Exeuffi
515 1439 679 1510 manibus
697 1437 797 1525 radii,
815 1439 1046 1534 revolutaque
1061 1439 1180 1536 pensa.
1268 1441 1340 1537 476

357 1577 488 1648 Evolat
503 1575 640 1663 infelix,
665 1593 712 1663 et,
729 1575 884 1648 femineo
900 1576 1048 1665 ululatu,

358 1712 467 1786 Scissa
482 1737 636 1799 comam,
662 1735 781 1782 muros
796 1736 919 1784 amens
935 1732 1040 1809 atque
1051 1710 1198 1809 agmina
1213 1710 1316 1791 cursu
1383 1702 1386 1707 ¹

360 1845 480 1917 Prima
498 1845 609 1942 petit:
636 1867 707 1916 non
721 1843 782 1915 illa
798 1845 927 1930 virum,
944 1868 1015 1916 non
1028 1845 1088 1916 illa
1104 1843 1242 1940 pericli,

360 1978 604 2071 Telorumque
629 2001 794 2070 mem0r3
834 1977 972 2049 coelum
997 1976 1127 2056 dehinc
1159 1977 1340 2075 questibus

505 2111 641 2208 inplet;
1268 2117 1344 2206 480

361 2246 472 2324 Hunc
490 2273 557 2346 ego
570 2267 615 2335 te,
634 2248 798 2343 Euryale,
813 2244 996 2344 adspicio?
1013 2265 1108 2340 tune,
1122 2252 1182 2330 illa
1194 2249 1340 2330 fenestre
1420 2220 1426 2237 ¹

360 2389 444 2461 Sera
461 2412 553 2459 meae
570 2386 716 2484 requies,
733 2387 878 2482 potuisti
897 2388 1057 2484 linquere
1073 2386 1196 2477 sulam,

355 2522 546 2598 Crudelis?
572 2546 637 2593 nec
656 2541 699 2610 te,
720 2520 785 2592 sub
801 2540 899 2593 tanta
914 2523 1072 2618 pericula
1089 2521 1243 2610 millum,

360 2659 487 2733 Adsari
506 2678 709 2730 extremum
726 2656 861 2727 miserae
879 2656 1082 2754 data,copia
1097 2655 1233 2730 matri?

359 2770 458 2885 Heuss
476 2816 567 2867 terra
583 2796 705 2895 ignota
721 2795 866 2865 canibus
882 2794 964 2866 date
980 2795 1099 2891 praeda
1116 2794 1251 2869 Latinis
1268 2802 1312 2890 48
1316 2813 1335 2902 5

359 2919 715 3027 Alitibusquejaces!
742 2951 806 3000 nec
824 2946 859 2999 te
875 2946 936 3001 tua
953 2928 1075 3001 funera
1093 2949 1206 3004 mater

390 3123 448 3182 476.
467 3125 562 3189 Expulfi
576 3140 613 3188 ap.
631 3123 739 3186 Maeror),
764 3123 804 3173 lib.
829 3125 864 3171 tv
886 3126 936 3173 Sat.
955 3136 968 3174 1
988 3125 1089 3174 editum.
1123 3127 1213 3193 ΒΜ
1232 3124 1341 3174 Parthas·
1411 3108 1419 3117 ⁸

359 3200 488 3268 ablutaque
505 3201 595 3250 membra
615 3200 717 3264 refingit
731 3201 824 3250 Barnes.
838 3201 868 3248 ad
880 3201 907 3248 ll.
920 3203 956 3260 X,
966 3201 1022 3259 448.
1040 3213 1068 3250 ut
1079 3204 1163 3266 graecis
1172 3202 1245 3249 latina
1253 3214 1341 3250 conve·

359 3277 444 3325 niant:
464 3275 540 3323 cautla
552 3293 637 3340 parum
649 3278 872 3338 idonea—478.
889 3297 957 3328 contar
969 3283 1031 3329 Ven.
1049 3292 1073 3327 et
1083 3280 1156 3328 Goth.
1176 3279 1228 3335 lec„
1247 3277 1290 3342 qui
1300 3287 1338 3326 et*

359 3359 444 3419 agnina
456 3358 534 3402 cirrum
546 3353 778 3410 exhibet—480.
795 3356 870 3404 debinc
882 3355 958 3406 eoelum
969 3367 1017 3402 tres
1026 3355 1231 3412 Burm--rtn
1245 3357 1341 3421 ΝΜ·

363 3430 436 3478 Goth.
449 3419 496 3477 sec}
529 3431 585 3476 Hinc
603 3430 702 3491 Hugen.
737 3431 847 3478 Hunccine
863 3445 893 3488 te,
908 3431 1005 3500 Euryale
1023 3444 1082 3479 vett.
1099 3430 1153 3480 edd.
1175 3429 1296 3479 Macrobii
1314 3434 1338 3479 v

295 3565 299 3574 1
361 3506 411 3554 Sat.
435 3519 450 3566 9
473 3515 497 3552 et
516 3504 540 3549 in
560 3503 668 3567 margine
691 3505 745 3551 eod.
768 3505 853 3554 Bemb.
870 3505 988 3556 Terentii.
1023 3508 1058 3553 Ex
1071 3505 1155 3554 iisdem
1166 3517 1192 3553 et
1203 3504 1254 3553 aliie
1268 3503 1338 3553 codd.

362 3579 474 3629 Heinfiut
489 3580 591 3627 restituit
606 3581 707 3631 tanrilla
719 3581 751 3646 j„
767 3581 831 3644 quod
847 3581 898 3645 jam
916 3582 972 3631 md.
993 3594 1049 3632 tert.
1066 3583 1147 3641 habet,
1161 3598 1207 3647 pro
1225 3580 1338 3647 vulgato:

361 3660 404 3714 ille.
422 3658 486 3720 quod
494 3670 575 3705 tamen
587 3658 681 3706 duilius
693 3658 798 3706 videtur.
816 3658 849 3708 el.
861 3660 893 3708 ad
907 3675 932 3709 v.
949 3660 980 3719 48
981 3675 1006 3721 5.
1040 3660 1145 3712 Dorvill.
1159 3676 1218 3711 am.
1230 3660 1274 3709 sec.
1290 3659 1338 3729 ipso

363 3735 484 3793 -484,
503 3740 598 3783 extremis
614 3736 701 3783 Medic.
715 3747 739 3784 et
751 3738 830 3800 Sprot.
863 3751 959 3786 extrem
970 3738 1050 3802 plurea
1061 3739 1143 3787 Heius.
1155 3749 1179 3786 et
1190 3739 1340 3790 Burin.—

363 3811 421 3870 485.
439 3813 490 3859 date
507 3812 557 3874 post
571 3812 705 3859 Fabricium
717 3811 799 3860 lleinl'.
816 3828 829 3859 e
846 3813 917 3861 codd.
932 3831 940 3871 ;
955 3814 1030 3879 vulgo
1040 3816 1103 3874 data,
1118 3815 1199 3863 minus
1210 3814 1341 3879 eleganter,

363 3886 473 3952 inprimis
483 3887 535 3949 post
553 3888 606 3934 data
618 3887 806 3953 copia.--486‚
824 3889 904 3936 Locus
915 3889 1112 3953 interpretatione
1120 3892 1161 3939 vix
1169 3889 1337 3954 expediendus.

363 3966 458 4015 Servius
464 3963 570 4031 famam
587 3964 685 4028 exponit
703 3963 728 4009 ht
742 3980 764 4012 e.
777 3980 840 4022 eam,
855 3965 886 4011 ad
900 3981 972 4027 quam
985 3965 1056 4013 funus
1070 3967 1185 4029 pertinet,
1194 3964 1259 4030 quali
1271 3965 1341 4014 fune·

362 4057 436 4093 ream.
471 4042 571 4089 Addunt
584 4041 624 4088 alii
633 4043 729 4106 sunctae
747 4042 877 4106 producere
889 4041 1011 4100 cadavera,
1021 4043 1124 4108 praeficat
1146 4043 1218 4107 sequi.
1251 4045 1341 4092 Gram-

364 4119 451 4179 matico
462 4116 573 4164 acumine
585 4118 659 4187 digua
671 4117 795 4182 antiquata
806 4133 862 4177 vox,
876 4132 926 4165 uon
937 4118 1080 4176 Mureniana
1095 4115 1228 4183 elegantiar'
1271 4117 1341 4186 Qid

1272 4193 1341 4260 quod

364 4302 389 4389 ζ,
423 4313 477 4385 388
505 4308 560 4385 seq.
600 4309 641 4366 Ut
667 4309 829 4370 imitatorem
879 4309 1014 4389 procurrit
1039 4322 1101 4367 ante
1130 4323 1341 4386 propugnatum

365 4387 452 4447 miuus
478 4385 579 4444 subacti
608 4387 709 4460 judicii
735 4390 829 4465 agnos·
878 4388 953 4445 valli.
1005 4390 1072 4466 485.
1099 4389 1166 4463 486.
1198 4407 1233 4444 ex
1256 4386 1339 4464 prisci

363 4484 418 4533 cas,
438 4466 475 4522 ef.
498 4464 577 4520 Statii
595 4463 637 4519 ΙΙΙ
659 4465 750 4528 Theb.
776 4486 827 4541 ¹33
877 4465 929 4522 aevi
941 4465 1093 4532 atrocitate,
1116 4464 1179 4521 satir
1202 4479 1277 4532 nota,
1297 4460 1341 4527 uel

363 4541 421 4618 sqq.
470 4546 537 4617 4⁵1⁶·
558 4543 678 4597 Affetlus
700 4563 716 4598 a
738 4544 830 4601 multis
877 4564 911 4601 ex
924 4542 1019 4601 Iliadit
1028 4541 1122 4620 primis
1134 4539 1258 4598 versibus.
1291 4531 1340 4598 Ad

363 4618 546 4679 adumbratus.
580 4619 638 4696 Qi
649 4639 723 4676 exem
744 4621 769 4676 la
781 4641 828 4681 cu·
877 4622 1015 4699 sequentes
1060 4637 1148 4695 uoque
1169 4616 1258 4674 versus
1278 4616 1343 4674 illu·

359 4728 361 4733 ·
382 4696 414 4763 it,
427 4698 547 4753 Cerdam
561 4697 660 4756 adeat:
682 4642 772 4753 malim
787 4712 827 4754 ta·
877 4641 1297 4781 strandoeundiquelocorumco
1315 4693 1323 4705 '
1428 4749 1429 4752 ,

362 4715 398 4830 ia
410 4792 547 4850 quemque
560 4771 609 4829 fibi
622 4773 651 4829 in
669 4773 829 4850 ipsapoeta-
877 4774 1006 4853 suppetit,
1032 4773 1113 4831 etiam
1139 4789 1173 4827 ex
1195 4767 1252 4846 tplo
1310 4791 1342 4839 o,

354 4849 828 4925 tumleeiionenotareetreminisci,
877 4871 963 4918 tuero,
977 4870 1003 4908 v.
1017 4869 1043 4908 c.
1057 4846 1153 4923 Odyts.
1167 4873 1197 4915 u,
1211 4864 1276 4926 29¹·
1330 4888 1341 4906 .

381 4945 442 4984 uam
450 4927 588 4985 cumulata
596 4925 756 5003 cognoscere
765 4948 828 4986 curu
876 4927 959 4986 lliad.
973 4953 1009 5004 χ,
1020 4928 1057 4986 86
1069 4925 1129 5002 sqq.
1147 4922 1222 4983 conf.
1236 4923 1287 4984 int.
1331 4966 1342 4992 ,

359 4944 483 5066 lanitio.
538 5024 604 5082 479.
630 5013 830 5085 primaagurina
917 5003 1027 5084 7seqq.
1065 5001 1133 5077 486.
1161 5019 1286 5062 nectet.
1307 5000 1342 5083 s

364 5074 434 5159 μω
454 5079 541 5149 dubie
563 5081 713 5162 jtmgentla
752 5080 829 5156 Nam
888 5099 921 5162 't
940 5100 1013 5145 aune
1033 5079 1146 5162 legitur,
1170 5079 1241 5141 ratio
1252 5097 1343 5170 gram-

1242 5173 1343 5240 ulmei.
