3475 6234
524 1234 614 1311 ιιι)
654 1234 936 1311 uranum
974 1235 1079 1312 vru.
1226 1236 1299 1338 2⁶5

322 1425 418 1498 Helie.
431 1437 458 1505 I,
471 1437 519 1512 64.
530 1437 578 1517 65.
617 1435 679 1495 Noc
693 1435 845 1518 discrepant
856 1435 955 1512 Justin.
979 1435 1092 1506 XLIII,
1117 1457 1128 1498 t
1152 1435 1188 1508 s.,
1207 1434 1300 1496 Fessa!

322 1523 353 1584 in
365 1546 425 1586 voc.
439 1525 557 1604 Oscislum
569 1543 602 1584 ex
616 1523 780 1597 Cornificio,
799 1541 827 1584 et
837 1524 947 1584 Servius
959 1545 994 1585 ex
1006 1525 1123 1595 Catone,
1146 1527 1182 1586 ad
1194 1525 1259 1585 AEn.
1271 1522 1301 1597 1,

322 1620 389 1697 267.
409 1616 466 1688 IV,
490 1622 557 1678 620.
597 1618 638 1675 At
650 1623 733 1696 po'e'ta
745 1631 793 1674 aot
813 1615 1066 1675 diversoaausioret
1078 1614 1299 1684 habaiu-anteo

319 1705 441 1768 saboiam
452 1709 573 1779 deflexit,
603 1723 635 1766 ut
649 1707 829 1766 Mezentiusa
842 1706 897 1765 suis
909 1707 1015 1766 ciuibus
1027 1726 1112 1786 regno
1127 1709 1247 1786 dejettur
1260 1705 1306 1766 ttl'

319 1795 448 1858 Turnum
460 1798 620 1877 confugeret
633 1797 683 1856 lib.
700 1795 784 1863 VIII,
802 1803 860 1876 489
874 1796 935 1874 sqq.

356 1885 434 1946 Inter
445 1889 503 1946 haec
516 1887 661 1945 tenendum
671 1886 708 1943 est
720 1886 762 1953 id,
782 1885 812 1942 in
825 1905 881 1963 quo
892 1886 1015 1964 plerique
1027 1883 1212 1952 consentiunt,
1236 1885 1300 1945 Me·-

322 1985 432 2035 zentirnr
454 1976 533 2035 luisse
553 1975 659 2055 Agylle
681 1974 725 2032 seu
748 1976 936 2034 Caentanomm
961 1995 1070 2053 regem3
1088 1988 1119 2031 ot
1138 1970 1307 2059 selproeta⁴

320 2063 402 2131 etiam
409 2065 438 2123 in
445 2066 498 2123 hac
505 2063 657 2143 argumenti
665 2077 740 2141 parte
748 2062 842 2130 fuerit,
849 2077 881 2120 ut
889 2062 1053 2140 probabilia,
1064 2082 1125 2142 quae
1133 2061 1299 2144 sequeremur,

321 2153 352 2211 in
370 2154 496 2213 manibur
514 2153 636 2222 haberet,
662 2172 718 2209 non
739 2151 765 2210 ei
785 2150 1013 2210 comminiscenda
1031 2153 1121 2211 essent.
1160 2151 1301 2212 Convenit

321 2244 392 2302 emm
413 2244 552 2305 boccum
576 2241 683 2320 reliqua
699 2240 869 2299 historiarum
893 2241 956 2309 fide,
980 2241 1082 2320 primot
1105 2240 1203 2320 opibus
1227 2242 1300 2302 inter

323 2332 450 2393 Etruscos
461 2334 586 2401 floruisse,
609 2332 701 2389 saltem
715 2329 815 2388 exteris
825 2329 969 2389 innotuisse
981 2332 1133 2409 Agyllam,
1154 2329 1308 2390 maritimir'

321 2420 419 2500 cupiit,
451 2434 479 2477 et
503 2417 686 2497 navigationis
708 2416 890 2486 commerciis,
910 2415 1051 2497 insigniter
1074 2419 1174 2481 austor.
1213 2420 1296 2480 tram

321 2510 541 2586 nstmstorentem
551 2532 629 2568 annm
646 2507 762 2586 appellat
781 2505 864 2565 Maro
877 2505 961 2576 VIII,
983 2513 1052 2584 481.
1091 2505 1167 2566 Vide
1181 2507 1299 2588 Dionys
1399 2561 1405 2581 ,

321 2598 371 2660 lib.
383 2598 441 2668 III,
464 2601 511 2678 58.
538 2597 665 2656 Strabon.
680 2595 720 2664 V,
741 2614 806 2676 337.
844 2595 921 2654 Hinc
934 2615 1044 2676 quoque
1056 2597 1161 2675 Agylla
1174 2617 1208 2658 err
1221 2599 1299 2660 omni

322 2685 573 2746 Etruriauuanota
591 2684 788 2743 suitGraecir:
818 2699 845 2744 et
865 2684 1033 2763 Lycophrou
1053 2706 1080 2744 v.
1110 2706 1183 2768 ¹353
1210 2702 1298 2751 totam

321 2790 418 2836 terram
437 2776 473 2834 ab
495 2775 546 2834 lrac
566 2773 634 2833 urbe
659 2774 790 2852 designat.
829 2770 917 2831 Fuere
941 2793 1024 2852 porro
1044 2773 1182 2834 Ceretani
1204 2795 1240 2835 ex
1263 2776 1300 2840 in

321 2863 441 2925 Etruscis
460 2864 584 2933 urbibus,
602 2884 664 2942 quae
681 2862 793 2941 vestigia
806 2860 939 2939 Pelasgici
952 2863 1035 2921 moria
1044 2863 1161 2942 plurima
1175 2867 1308 2943 etelari.'

321 2975 366 3017 ora
388 2955 565 3016 retinuerant.
603 2954 700 3033 Itaque
720 2953 788 3011 bene
809 2952 860 3012 lib.
883 2950 969 3022 VIII,
992 2952 1059 3014 600.
1080 2952 1137 3014 602
1157 2957 1230 3034 apud
1249 2974 1299 3019 eor

321 3044 424 3127 Pelasgi
437 3062 536 3103 veteres
554 3042 658 3101 sacmm
671 3039 834 3100 constituisse
846 3055 1029 3100 memorantur
1042 3041 1163 3114 Silvano,
1182 3048 1297 3126 antIquo
1353 3090 1357 3097 .

321 3135 437 3202 numiui,
456 3134 531 3211 quod
544 3153 592 3209 pro
607 3131 679 3190 Pane
689 3146 737 3189 aut
748 3131 805 3189 alio
816 3129 897 3190 fimili
908 3129 1086 3191 adsciverant.
1262 3196 1266 3203 ,

355 3222 430 3282 IIlod
441 3243 506 3281 vero
518 3222 609 3281 mirari
624 3221 709 3288 soleo,
732 3223 804 3281 unde
815 3241 850 3280 ex
870 3221 923 3280 hoc
937 3219 1026 3300 prisco
1039 3234 1159 3301 tempore
1180 3244 1221 3284 rer
1240 3242 1296 3299 tam

322 3312 403 3370 exile·
411 3327 446 3370 vet
457 3330 551 3399 parum
566 3311 751 3369 memorabiles
769 3310 923 3389 acceperint
936 3325 1036 3368 ueteres
1049 3309 1202 3390 scriptores,
1215 3318 1305 3394 quale'

321 3401 372 3460 boc
383 3403 433 3472 esi,
451 3400 526 3481 quod
537 3398 641 3458 Plinius
650 3398 702 3458 lib.
717 3398 803 3468 XIV,
816 3399 837 3457 s.
855 3419 890 3474 14
902 3398 1001 3467 habet:
1022 3400 1066 3457 Μ.
1079 3403 1163 3459 Varro
1171 3412 1298 3488 audorqfi

320 3493 484 3562 Mezentium
503 3494 615 3552 Etmn'ae
627 3516 716 3571 regem,
729 3489 853 3549 auxilium
866 3491 969 3550 Rutulis
987 3509 1074 3553 contra
1084 3495 1190 3553 latinos
1206 3498 1297 3577 tusff,

320 3584 374 3642 vini
397 3583 532 3652 mercede,
551 3585 683 3663 quadrum
702 3581 732 3639 in
753 3580 855 3638 Latino
876 3600 945 3660 agro
960 3586 1062 3661 fruffit.
1102 3581 1198 3653 Varie,
1222 3587 1295 3653 utin
1318 3652 1321 3661 4

320 3688 391 3731 tanta
416 3693 508 3731 rerum
532 3671 703 3750 antiquitate,
735 3670 865 3728 traditum
888 3670 944 3728 suit
966 3670 1018 3728 hoc
1038 3671 1124 3731 idem.
1163 3673 1238 3735 Nam
1257 3677 1296 3742 1,.

320 3759 407 3820 Cesar
418 3775 447 3820 et
457 3761 495 3818 A.
510 3759 658 3817 Postumius
671 3758 748 3834 supra
761 3758 864 3816 laudati
879 3757 948 3816 inter
959 3759 1141 3828 conditiones,
1155 3764 1252 3841 quibus
1264 3767 1296 3827 in

320 3850 485 3910 dditionem
507 3848 628 3926 accipere
646 3848 728 3906 uellet
748 3847 860 3906 Latinos
874 3847 986 3906 Lavinii
1003 3849 1117 3908 obsessos
1130 3851 1296 3924 Mezentius,

320 3953 531 4000 memoraverunt
542 3938 623 4005 hanc,
649 3953 677 3994 ut
688 3960 755 3996 omne
767 3946 857 3995 vinum
869 3946 930 4017 agri
944 3939 1036 3996 Latini
1050 3938 1142 4018 aliquot
1158 3951 1233 4000 annr's
1240 3941 1300 4019 fibt'

318 4037 461 4109 inferretur.
500 4029 540 4086 At
554 4026 666 4084 Ascanii
681 4026 828 4085 confilioet
841 4028 1099 4086 autiorirate-mino
1111 4053 1143 4087 ex
1156 4039 1223 4089 omni
1231 4036 1297 4090 oin.

319 4121 395 4180 tenta
407 4121 482 4196 Jovt'
488 4118 586 4196 publice
597 4134 654 4175 voto
666 4123 848 4196 tonsuramque
860 4115 954 4174 Latini
968 4117 1032 4175 urbe
1044 4105 1204 4195 eruperunt,
1222 4121 1297 4182 suso·

318 4228 367 4287 que
378 4207 506 4288 praefidio
519 4205 712 4283 interfectoque
728 4204 828 4271 Lauso,
848 4204 1020 4263 Mezentium
1031 4206 1124 4284 fugam
1141 4207 1228 4269 Iacere
1238 4231 1296 4271 coe.

320 4313 422 4376 petunt.
465 4298 492 4354 Is
504 4298 593 4376 postea
605 4317 652 4375 per
665 4299 769 4375 legatos
782 4297 933 4354 amicitiam
953 4296 1162 4374 societatemque
1180 4299 1296 4362 Latino·

320 4409 375 4449 rum
399 4386 569 4468 impetravit.
608 4387 650 4443 Ita
676 4387 762 4444 viIIor
787 4385 826 4445 Ο.
853 4385 893 4443 G.
919 4385 954 4444 R.
986 4407 1018 4466 ις
1048 4401 1076 4445 et
1098 4385 1195 4447 similia
1221 4394 1294 4469 apud

321 4479 433 4560 Dionys.
448 4478 537 4557 1‚65.
575 4477 666 4535 Etiam
679 4476 817 4534 Plutarch.
835 4477 892 4557 Qr.
909 4475 990 4534 Rom.
1005 4497 1033 4557 p.
1054 4497 1108 4557 ²75
1131 4478 1169 4536 D.
1187 4482 1230 4539 ed.
1246 4481 1294 4542 Fr.

320 4570 355 4630 rei
366 4586 507 4647 tamquam
521 4565 605 4642 vulgo
612 4578 726 4621 narrata:
736 4564 873 4632 meminit,
887 4563 931 4621 sed
944 4563 979 4620 tic
993 4579 1023 4622 ut
1033 4566 1067 4621 ad
1081 4561 1194 4624 AEueam
1207 4568 1294 4626 trans.

320 4659 393 4728 serat,
406 4679 470 4739 quae
481 4656 529 4715 alii
542 4657 576 4715 de
590 4651 708 4712 Ascanio
722 4667 870 4711 narrarunt.
905 4654 1120 4730 Rusticavinasia
1133 4675 1148 4711 a
1163 4655 1295 4716 Romania
1353 4690 1356 4695 ·

319 4748 436 4828 inhujus
448 4746 489 4806 rei
509 4742 668 4804 memoriam
685 4743 758 4819 (XII
780 4744 845 4803 Kal.
860 4743 943 4815 Maii)
964 4743 1040 4801 luisse
1063 4744 1183 4802 instituta
1203 4743 1294 4805 Fellur

320 4838 430 4907 notavit,
449 4840 535 4895 Anna
549 4832 631 4893 Fabri
649 4832 685 4890 ad
697 4851 723 4890 e.
743 4832 764 4890 l.
785 4832 953 4891 observante.
994 4831 1064 4911 Qae
1078 4850 1117 4888 rea
1130 4830 1222 4889 saltem
1236 4835 1293 4895 boe

295 4960 298 4970 .
319 4925 403 5000 m,
426 4925 569 5007 antiquam
580 4921 686 5016 satitet
704 4938 721 4980 a
739 4919 888 4999 majoribus
907 4931 1044 4999 acceptam
1062 4919 1119 4997 ejus
1138 4920 1179 4980 rei
1191 4915 1292 4980 samam

1218 5010 1293 5092 apua
