3475 6234
761 1345 890 1435 138
1263 1333 2027 1410 EXCURSUS
2112 1336 2216 1411 lv

754 1521 944 1592 duxit,
998 1545 1125 1586 eum
1178 1522 1503 1602 insigniores
1554 1522 1702 1585 inter
1754 1524 2041 1586 Romanoa
2088 1529 2379 1607 scriptores
2418 1532 2720 1595 canonem.

754 1611 1137 1693 Sempronium
1162 1631 1217 1673 ct
1238 1614 1374 1673 alios
1397 1613 1710 1673 Romanam
1730 1613 2012 1693 originem
2042 1617 2113 1681 ad
2139 1620 2369 1681 Graecos
2397 1623 2599 1683 vestm
2626 1621 2739 1681 vi«

752 1700 936 1771 deret,
962 1721 1021 1764 ut
1045 1704 1382 1781 Aborigines
1401 1701 1579 1760 nullos
1597 1700 1735 1758 alios
1760 1702 1835 1759 ab
1848 1702 2065 1780 origine
2087 1727 2255 1784 quam
2280 1708 2537 1788 Pelasgos
2556 1710 2713 1771 fuisse
2748 1699 2753 1702 ²

752 1795 1133 1860 arbitraretur,
1161 1791 1310 1871 quod
1340 1791 1635 1850 Cluverius
1671 1807 1729 1850 et
1760 1793 2013 1872 plerique
2038 1817 2071 1852 e
2098 1799 2293 1858 nostri·
2319 1800 2536 1879 sequuti
2568 1801 2713 1861 sunt.

749 1885 963 1944 Verum
990 1885 1287 1960 Dionyfius
1319 1901 1435 1940 rem
1460 1880 1574 1959 ipse
1601 1880 1683 1938 ita
1709 1880 1906 1946 tradit.
1954 1898 2036 1950 ut,
2081 1890 2210 1964 qnid
2244 1907 2316 1947 ex
2340 1889 2435 1958 iis,
2461 1909 2637 1969 quoee
2659 1889 2717 1949 se

750 1989 971 2032 narrata
990 1989 1169 2040 erant,
1205 1972 1277 2030 ad
1314 1973 1695 2031 Romanorum
1727 1971 2017 2047 opiniones
2055 1979 2420 2054 comparatis,
2439 1984 2721 2060 βρψαν,

749 2083 884 2129 non,
911 2064 1047 2141 quid
1068 2082 1261 2121 verum
1289 2077 1347 2120 et
1373 2061 1726 2138 exploratum
1756 2061 1843 2128 fit,
1877 2083 2153 2142 exponere
2175 2066 2361 2128 videri
2382 2070 2540 2128 velit.

829 2156 1186 2234 Pelasgorum
1210 2169 1320 2213 tres
1338 2152 1670 2232 potiffimum
1687 2151 1843 2212 fuiss‘e
1861 2153 1921 2213 in
1941 2155 2164 2216 Italiam
2176 2156 2442 2219 deductas
2464 2159 2718 2219 coloniae

746 2261 975 2305 narrant
1003 2247 1176 2325 vulgo
1196 2243 1311 2302 fere
1328 2263 1557 2312 omnen
1596 2263 1763 2302 unam
1783 2244 1854 2302 ab
1877 2243 2117 2305 OEnotro
2139 2267 2210 2306 ex
2240 2250 2504 2314 Arcadia,
2530 2250 2713 2309 XVII

744 2335 999 2396 aetatibus
1027 2352 1157 2395 ante
1192 2335 1399 2393 bellum
1428 2333 1771 2409 Trojanum,
1813 2334 2042 2394 alteram
2081 2355 2113 2393 e
2137 2337 2439 2407 Theffalia,
2482 2339 2721 2397 Deuca..

741 2424 928 2484 lioneo
966 2445 1112 2492 aevo,
1158 2437 1219 2482 et
1253 2420 1476 2481 tertiam
1514 2420 1588 2479 ab
1629 2419 1904 2489 ‚Evandro
1950 2421 2056 2480 Lx
2096 2424 2251 2484 annin
2299 2444 2425 2484 ante
2451 2425 2511 2486 b.
2534 2426 2714 2502 Troj.

746 2515 1168 2593 Antiquissimus
1214 2512 1309 2572 illc
1348 2510 1572 2571 OEuotri
1597 2524 1658 2568 et
1686 2510 1941 2572 Peucetii
1966 2512 2039 2571 ad
2064 2512 2284 2575 Italiam
2311 2517 2550 2576 acccss'us
2578 2515 2714 2575 satis

744 2603 947 2663 diserte
980 2624 1013 2662 a
1044 2602 1310 2677 Dionysio
1328 2598 1627 2679 exponitur
1650 2599 1754 2659 lib.
1781 2600 1836 2667 1,
1856 2620 1909 2660 c.
1948 2620 2008 2660 ιι
2043 2602 2160 2683 sqq.
2241 2605 2333 2665 De
2376 2606 2610 2665 Peucetio
2651 2624 2713 2663 v.

743 2692 848 2752 inf.
895 2691 1129 2752 Excurs.
1175 2691 1329 2749 VIII
1369 2687 1439 2746 ad
1474 2707 1532 2745 v.
1583 2692 1723 2765 691.
1824 2688 2149 2749 Consediffe
2185 2692 2394 2752 dicitur
2443 2693 2713 2755 OEnotrue

747 2803 875 2844 cum
908 2782 1014 2842 suis
1034 2782 1093 2840 in
1116 2781 1230 2840 sinu
1249 2775 1542 2839 Lametino
1567 2776 1846 2837 inferioris
1867 2779 2066 2847 Italiae,
2104 2801 2214 2858 qua
2240 2782 2585 2843 Bruttiorum
2611 2782 2710 2845 ali·

743 2871 969 2946 quando
996 2889 1135 2948 ager
1172 2866 1404 2946 patuit;
1443 2879 1503 2923 et
1537 2864 1777 2942 primum
1818 2866 2047 2943 quidem
2073 2867 2223 2929 intra
2262 2871 2627 2933 Lametinum
2652 2884 2711 2929 et

745 2959 1108 3037 Scylleticum
1128 2959 1219 3016 seu
1247 2957 1577 3035 Scylaceum
1596 2954 1768 3014 finum
1785 2954 1838 3013 se
1854 2956 2268 3024 continuerunt,
2290 2961 2415 3018 hinc
2444 2961 2512 3018 ad
2534 2960 2709 3023 Laum

740 3051 912 3128 usque
950 3051 1007 3107 fl.
1049 3064 1106 3106 et
1154 3048 1573 3124 Metapontum,
1626 3045 1845 3104 tandem
1883 3046 1956 3105 ad
2003 3048 2241 3107 Silarum
2284 3065 2340 3107 et
2386 3051 2704 3111 Bradanum

745 3143 878 3211 fines
900 3140 1110 3200 sedium
1137 3138 1542 3205 extenderunt;
1581 3156 1714 3196 mox
1739 3154 1798 3195 et
1825 3137 1968 3196 ultra
1987 3158 2083 3197 eos
2109 3140 2251 3218 ipsos
2276 3141 2406 3199 fines
2439 3144 2703 3220 progreffi

741 3233 905 3302 sunt3
949 3232 1030 3291 uti
1058 3234 1232 3290 altera
1257 3245 1413 3307 parte
1440 3249 1637 3308 agrum
1665 3228 2019 3295 obsederunt,
2067 3232 2165 3309 qui
2205 3231 2546 3292 Bruttiorum
2577 3253 2707 3293 mox

741 3324 923 3384 dictus
950 3325 1045 3382 est.
1127 3321 1224 3378 Cf.
1253 3340 1375 3398 quae
1397 3338 1468 3376 ex
1503 3317 1787 3376 Antiocho
1824 3314 2076 3393 Syracus.
2109 3336 2336 3379 narrant
2364 3322 2568 3382 Strabo
2595 3321 2708 3400 VI,

839 3438 863 3454 q
1035 3434 1119 3457 -,,--
1167 3431 1206 3442 -·
1247 3430 1267 3457 :-
1400 3417 1439 3462 ’.
1495 3406 1728 3465 Diu-nvi:
1780 3406 1796 3462 Ι
1876 3430 1936 3444 ··”
2061 3424 2064 3442 ”
2132 3438 2148 3462 ι
2280 3438 2288 3446 »
2352 3414 2396 3466 'i
2564 3414 2656 3447 '·'
