3475 6234
606 970 698 1047 AD
738 938 1025 1051 LIBRUM
1066 966 1156 1043 XII.
1305 996 1376 1073 729

388 1164 496 1236 Verum
509 1172 540 1234 in
551 1173 594 1234 hir
603 1172 667 1233 satir
678 1183 748 1239 erat,
759 1169 779 1229 si
789 1167 859 1227 nihil
874 1166 906 1227 in
916 1166 1002 1247 ipsam
1014 1170 1197 1229 narrationem
1208 1169 1393 1239 admitteret,

386 1265 465 1344 qnod
491 1265 614 1324 diffidere
636 1282 700 1321 cum
723 1256 828 1318 czeterir
846 1255 938 1316 videri
959 1258 1059 1336 pollen
1082 1275 1113 1318 ut
1131 1279 1197 1318 vero
1209 1260 1280 1319 nihil
1292 1276 1378 1337 appo-

390 1368 479 1425 neret,
500 1353 577 1434 quod
597 1353 670 1411 sorte
682 1368 772 1409 rerum
784 1346 820 1406 ab
839 1346 901 1406 aliis
911 1362 1079 1407 namtarum
1096 1349 1190 1408 ordini
1202 1362 1378 1428 repugnarem·

360 1430 368 1441 ⁸
388 1441 421 1503 id
444 1463 495 1504 nee
514 1443 664 1503 cavendum
688 1440 736 1519 ipfi
762 1453 831 1507 erat,
857 1456 922 1496 cum
944 1452 1022 1496 extra
1046 1438 1199 1517 argumenti
1218 1454 1246 1498 et
1269 1436 1377 1498 consilii

386 1531 454 1593 finer
465 1535 582 1612 positum
595 1532 669 1600 esset,
692 1549 742 1591 nec
762 1526 791 1587 in
809 1541 886 1587 tanta
903 1526 1089 1588 narrationum
1108 1528 1263 1590 direrfitaie
1284 1526 1376 1589 caveri

385 1623 488 1700 potuit.
688 1692 692 1698 ἢ

428 1711 527 1792 Itaque
537 1714 610 1773 vitio
620 1708 691 1770 verti
702 1706 815 1767 Maroni
828 1725 884 1765 uon
906 1704 1001 1784 potest,
1022 1708 1097 1785 quod
1112 1710 1326 1772 Achemenidem
1339 1710 1376 1771 ab

374 1798 556 1879 'lllyffeante
567 1818 620 1861 tres
638 1797 741 1857 mense·
761 1796 790 1871 iu
810 1794 968 1872 Cyclopum
987 1793 1082 1855 littore
1100 1801 1224 1860 reliflum
1244 1800 1376 1871 narravit,

377 1894 434 1953 etti
459 1914 493 1955 ex
521 1894 671 1954 Homerica
698 1883 854 1948 narratione
879 1885 969 1964 primo
995 1888 1083 1946 ihtim
1107 1909 1124 1947 a
1147 1892 1240 1969 Trojae
1263 1890 1376 1957 excidio

385 1998 460 2041 anno
482 1983 589 2062 Ulysser
615 1980 651 2038 ad
674 1976 800 2036 Siciliam
822 1977 980 2056 appulerat:
1010 1976 1051 2037 cs.
1072 1978 1143 2038 Not.
1166 1981 1200 2039 ad
1224 1982 1282 2048 Ill,
1304 1987 1373 2058 613.

383 2066 432 2131 Eli
452 2072 526 2132 enim
548 2073 602 2132 lroc
616 2084 692 2128 extra
710 2065 840 2134 caussam,
854 2077 885 2123 ut
897 2063 938 2122 ita
950 2064 1054 2133 dicam,
1074 2067 1204 2144 postum,
1216 2071 1290 2148 quod
1305 2071 1374 2129 aliur

382 2158 464 2220 aliter
483 2163 596 2222 eandem
610 2159 731 2225 fabulam
743 2153 880 2233 exposuit.
906 2150 1027 2212 'Eodem
1039 2155 1125 2215 modo
1136 2156 1293 2219 diluendam
1306 2173 1374 2240 puto

383 2251 466 2310 aliam
480 2251 689 2318 accusationem,
710 2266 793 2325 quam
806 2245 860 2303 riri
879 2242 955 2302 dodi
974 2264 1087 2304 acumen
1099 2245 1131 2307 in
1143 2250 1266 2311 medium
1276 2252 1371 2310 affert:

382 2340 418 2399 ln
437 2341 555 2420 Odyssea
567 2342 616 2402 sub
627 2353 747 2398 extrema
760 2354 884 2395 errorum
899 2334 999 2412 Ulyffir
1010 2350 1143 2415 tempora,
1163 2341 1285 2422 adeoque
1296 2360 1373 2403 nono

381 2429 441 2488 sere
461 2432 603 2492 decimove
614 2447 686 2488 anno
698 2427 757 2506 post
774 2424 892 2502 Trojam
910 2438 1031 2504 capram,
1052 2425 1233 2488 Telemachus
1253 2434 1288 2492 ad
1307 2432 1373 2492 Me·

381 2522 490 2580 nelaum
502 2521 589 2591 venit,
601 2516 650 2598 qui
662 2535 733 2576 anno
748 2514 900 2592 superiore,
917 2516 1028 2573 oslacus
1039 2530 1108 2586 erat,
1126 2518 1240 2579 domum
1254 2524 1372 2583 redierat

381 2609 441 2669 Od.
463 2641 493 2686 «7,
515 2615 581 2688 306.
601 2608 627 2676 δ,
648 2611 708 2682 82).
748 2603 853 2662 Incidit
877 2602 1058 2662 Telemachus
1080 2603 1111 2664 in
1130 2624 1287 2685 apparatum
1300 2633 1371 2690 nup-

378 2699 480 2761 tiarum
507 2698 671 2757 Hermiones
695 2693 730 2751 ad
756 2692 892 2770 Pyrrhum
912 2691 1063 2761 mittenda,
1086 2693 1143 2753 Od.
1169 2696 1195 2767 l,
1223 2718 1266 2775 pr.
1306 2702 1370 2778 jam

378 2789 515 2868 Pyrrhum
536 2785 773 2861 occidit—erepte
796 2805 886 2861 magno
908 2784 1078 2855 irfiammatur
1098 2808 1180 2843 amore
1205 2790 1325 2870 Conjugir
1344 2806 1371 2848 er

366 2882 492 2960 scelerum
500 2888 586 2960 furiis
598 2885 710 2959 agitares
725 2874 825 2950 Orestes
844 2871 908 2931 AEn.
930 2871 986 2940 111,
1008 2892 1063 2949 330
1079 2873 1133 2952 sq„
1153 2895 1208 2952 quo
1228 2879 1300 2937 fatto
1312 2883 1371 2958 ejua

376 2970 490 3048 conjux,
521 2964 730 3041 Andromache,
759 2961 831 3018 ceffir
856 2959 967 3020 Heleno
992 2982 1046 3019 una
1078 2983 1141 3023 cum
1166 2984 1252 3044 regno
1285 2970 1370 3048 partia

377 3057 459 3136 Epiri
470 3080 496 3116 v.
512 3075 569 3134 294
581 3056 623 3133 sq.
664 3052 802 3128 Tempora
813 3049 842 3106 in
862 3048 906 3108 his
917 3071 933 3108 a
946 3049 1070 3130 Virgilio
1088 3055 1250 3131 perturbari,
1271 3058 1291 3117 si
1306 3058 1369 3120 Ho-

376 3165 482 3206 rnerum
506 3161 657 3222 comparer,
684 3137 856 3196 manifestum
883 3138 934 3209 fit;
964 3139 1090 3219 appulsus
1114 3142 1189 3201 enim
1216 3148 1308 3206 AEneae
1330 3152 1366 3208 ad

375 3232 494 3314 Epirum
514 3247 611 3311 quarto
624 3249 640 3286 a
654 3228 741 3304 Troja
761 3240 841 3304 capta
864 3245 936 3286 anno
957 3230 1043 3287 fastus
1066 3244 1140 3289 erat:
1161 3253 1189 3292 v.
1204 3235 1274 3298 Exc.
1288 3239 1317 3297 ΙΙ
1331 3241 1367 3298 ad

376 3322 429 3383 lib.
442 3323 497 3389 111,
510 3341 539 3398 p.
552 3341 619 3397 424·
634 3334 703 3394 4²5·
743 3314 894 3374 Enimvero
905 3317 977 3377 ratio
990 3318 1019 3377 in
1032 3318 1084 3378 hoc
1097 3321 1191 3382 eadem
1204 3326 1251 3394 est,
1265 3349 1328 3406 quae.
1337 3330 1367 3390 in

373 3411 514 3490 superiore
539 3405 752 3486 reprehensore.
792 3404 869 3463 Tum
900 3406 1014 3465 omnino
1039 3407 1140 3469 fabulae
1162 3412 1274 3486 Orestis,
1300 3417 1368 3494 Pyr.

377 3499 432 3569 rhi,
454 3515 481 3559 et
505 3495 607 3554 Heleni
630 3509 686 3552 tam
708 3491 820 3552 diverfiu
840 3493 931 3552 modio
950 3496 1069 3552 trasiatae
1091 3497 1177 3569 fuere,
1202 3502 1327 3581 inprimis
1348 3529 1366 3567 a

376 3588 501 3667 tragicis,
512 3599 542 3642 ut
555 3582 676 3660 fingendi
689 3583 805 3641 liberum
815 3583 879 3641 effet
891 3583 1047 3643 arbitrium.
1088 3586 1171 3646 Distu
1184 3587 1247 3647 satis
1259 3594 1294 3651 de
1312 3597 1366 3655 hoc

376 3696 496 3756 quoque.
510 3673 580 3733 Erec.
594 3671 625 3728 X
638 3671 674 3730 ad
686 3670 737 3731 lib.
756 3671 802 3731 111
815 3674 900 3733 Tom.
914 3672 957 3742 ΙΙ,
979 3693 1008 3754 p.
1022 3678 1091 3754 436.
1108 3697 1177 3758 437.
1199 3677 1268 3742 Εχς,
1292 3684 1352 3745 x11
1353 3728 1365 3756 ‚

375 3789 396 3848 P
415 3858 461 3915 De
481 3853 527 3922 iis,
546 3854 655 3932 quaein
678 3853 722 3913 sex
736 3852 927 3932 posterioribus
937 3854 1017 3914 libris
1037 3874 1185 3919 occurrunt
1198 3864 1279 3924 fimili
1292 3869 1364 3930 difli-

374 3947 471 4009 cultati
486 3942 632 4022 implicita,
652 3943 705 4002 suir
718 3943 808 4023 pasim
831 3944 902 4004 locis
913 3960 961 4004 aut
972 3949 1099 4028 expedita
1112 3965 1159 4009 aut
1172 3951 1263 4014 saltem
1277 3978 1364 4019 anno-

374 4054 432 4098 tata
446 4034 543 4095 sunt⁴.
583 4032 679 4092 Unum
694 4033 742 4101 est,
755 4032 831 4112 quod
844 4055 900 4093 non
919 4036 1008 4095 habeo
1026 4041 1167 4116 quomodo
1189 4041 1251 4103 satis
1268 4048 1364 4109 defen.
1387 4061 1389 4065 ¹

372 4131 449 4197 dnm,
472 4122 546 4204 quod
567 4125 698 4200 templum
710 4121 741 4180 in
764 4123 832 4181 urbe
844 4123 1012 4186 Laurentum
1033 4148 1050 4185 a
1070 4127 1136 4188 Pico
1148 4130 1293 4195 conditum
1307 4159 1363 4199 non

372 4216 457 4275 modo
479 4229 533 4270 tam
556 4209 696 4289 splendide
713 4213 868 4270 extruiium
880 4228 908 4271 et
922 4228 1047 4274 ornatum
1060 4237 1267 4292 commemorat,
1288 4227 1364 4306 figna

371 4304 505 4376 majorum
524 4299 554 4356 in
578 4297 709 4357 vestibulo
731 4298 855 4376 apponit,
881 4318 975 4359 uerum
993 4302 1078 4362 etiam
1092 4303 1189 4382 spolia,
1210 4313 1321 4372 exuvias
1333 4330 1363 4373 ct

371 4406 484 4467 tropaea,
504 4387 573 4456 VH,
596 4393 649 4465 183
662 4386 734 4466 sqq„
754 4403 782 4445 et
795 4386 825 4445 in
838 4387 882 4446 hia
903 4390 972 4449 adeo
992 4410 1077 4470 erepta
1101 4396 1179 4472 rostra
1193 4411 1308 4460 carinis:
1328 4425 1362 4464 ac

405 4560 420 4587 ⁰
437 4557 469 4603 V.
484 4571 504 4603 c.
516 4554 547 4603 ‹le
566 4554 639 4605 armi·
654 4554 712 4606 crelo
732 4555 835 4607 demiffir
845 4555 877 4606 ad
887 4558 955 4617 Vlll,
964 4572 1017 4620 520
1032 4571 1057 4611 er
1073 4559 1131 4625 ⁶08,
1146 4561 1177 4613 de
1187 4565 1274 4618 Turno
1293 4583 1365 4621 um,

370 4632 510 4702 explorante
523 4630 562 4679 die
574 4643 631 4702 rute
641 4647 750 4702 pugnam
761 4633 819 4692 ΧΠ,
836 4632 876 4684 81.

407 4722 497 4787 Tou·
517 4719 573 4787 111,
825 4743 841 4800 3
863 4727 891 4784 Α
1269 4736 1369 4798 niu..
