3475 6234
1071 1040 1080 1077 l

537 1220 844 1315 AENEIDOS,
887 1227 1005 1304 LIB.
1042 1226 1092 1303 X.
1128 1232 1131 1249 ²
1221 1225 1290 1329 385

310 1419 440 1495 AEneas
456 1421 599 1517 ignarus
616 1422 724 1495 abest.
778 1427 1034 1519 Numquamne
1051 1425 1157 1498 levari
1243 1449 1262 1498 2
1267 1446 1288 1522 ς

310 1560 506 1634 Obsidione
523 1561 635 1634 fines?
664 1565 776 1634 muris
791 1563 924 1635 iterum
942 1566 1093 1639 inminet
1110 1567 1217 1640 bostis
1235 1644 1238 1649 ,

308 1703 501 1778 Nascentis
513 1703 654 1800 Trojae;
681 1728 746 1776 nec
764 1729 835 1776 non
852 1708 1026 1779 exercitus
1043 1710 1141 1796 alter,

307 1844 429 1938 Atque
444 1842 572 1913 iterum
585 1842 628 1921 in,
641 1840 796 1913 Teucros
814 1841 943 1913 AEtolis
959 1842 1070 1940 surgit
1087 1846 1132 1917 ab
1152 1847 1261 1943 Arpis
1284 1796 1285 1800 =

308 1974 478 2072 Tydides.
528 1975 718 2070 Equidem,
734 1977 854 2063 credo,
867 2001 945 2049 mea
963 1977 1105 2054 volnera
1121 1981 1272 2070 restant,
1352 2006 1355 2017 ·

309 2185 504 2248 pronuntiatione
521 2201 565 2250 pro
583 2200 717 2242 murorum,
735 2197 762 2234 ut
777 2186 801 2233 in
820 2205 879 2235 coera
896 2199 920 2236 et
939 2187 1005 2247 aliir3
1022 2188 1137 2248 mansere,
1151 2194 1289 2258 posuerim

310 2262 402 2318 mnrur,
415 2276 512 2319 moerus,
527 2262 586 2309 item
603 2272 681 2326 poeoa,
700 2262 777 2311 Poeni.
812 2263 863 2310 Cur
884 2275 1025 2312 tamennon
1043 2259 1086 2313 nisi
1103 2267 1141 2315 his
1157 2268 1219 2316 binio
1230 2267 1289 2320 lotio

309 2343 383 2402 poeta
394 2338 545 2402 antiquatum
557 2337 603 2385 hoc
622 2355 710 2386 nomen
726 2338 862 2398 retinuerit,
878 2357 932 2388 cum
949 2342 975 2388 in
996 2340 1047 2389 aliis
1065 2342 1123 2390 locis
1136 2363 1203 2392 muru
1221 2361 1288 2393 comp

231 2430 241 2450 ⁶
309 2414 378 2462 muni
389 2428 457 2461 more
466 2412 601 2476 eloquatur,
619 2414 730 2477 equidem
742 2430 790 2462 non
809 2417 946 2479 expediam,
967 2417 1009 2465 nifi
1021 2417 1083 2466 forte
1094 2437 1162 2485 agger
1176 2440 1289 2472 moerorunr

308 2505 338 2539 ex
348 2490 428 2538 Ennio
438 2502 478 2538 aut
489 2490 536 2538 alio
547 2502 627 2539 vetere
643 2497 720 2556 poeta
738 2491 874 2540 desumtunr
886 2493 996 2542 servavit.
1030 2496 1087 2542 Non
1099 2496 1164 2543 enim
1175 2517 1288 2546 nroeroruur

308 2566 462 2632 deprehendo
472 2564 585 2631 scriptum
596 2567 640 2616 nisi
652 2568 677 2616 in
688 2586 766 2633 aggere
776 2583 887 2618 mmm
898 2569 941 2620 inf.
958 2586 1013 2628 144,
1023 2582 1047 2619 et
1062 2572 1107 2630 Xl,
1120 2573 1176 2634 382.
1213 2572 1288 2640 Qud

308 2647 335 2694 ni
346 2646 414 2695 irase
425 2645 507 2702 babet,
527 2645 678 2709 grammatici
697 2647 797 2712 alicujus
814 2648 946 2696 ludibrium
965 2648 1010 2695 hoc
1028 2648 1073 2697 esse
1093 2650 1212 2711 arbitror3
1229 2665 1287 2700 nam

308 2728 381 2775 Rom.
392 2737 416 2774 et
426 2725 513 2773 Medic.
525 2725 612 2788 aliique
624 2726 798 2789 praestantioreo
808 2746 913 2775 murorum
925 2726 1021 2774 habent.
1046 2729 1127 2776 Potuit
1137 2728 1198 2789 fieri,
1207 2743 1233 2779 ut
1243 2746 1288 2779 ve·

258 2831 261 2836 ·
308 2816 347 2853 tur
354 2804 532 2852 Grammaticus
540 2819 568 2851 ex
575 2803 617 2851 suo
624 2804 714 2863 codice,
724 2805 749 2852 in
758 2818 805 2866 quo
812 2822 924 2852 noerorm
931 2804 1019 2868 ubique
1025 2804 1140 2868 scriptum
1151 2819 1211 2865 erat,
1221 2807 1288 2858 bunc

308 2880 388 2930 locum
399 2881 515 2937 laudaret,
531 2891 604 2943 utque
624 2875 679 2928 hinc
702 2880 872 2929 increbesceret
890 2880 971 2944 opinio
992 2881 1021 2928 de
1039 2880 1154 2944 scriptura
1166 2879 1221 2932 huie*
1232 2884 1287 2932 loco

308 2957 439 3020 peculiari:
458 2973 511 3021 quae
532 2958 665 3004 communis
681 2971 732 3005 erat
748 2955 859 3004 omnibus
869 2955 933 3007 locie
969 2959 995 3005 ln
1007 2955 1053 3005 fine
1065 2957 1145 3006 versus
1159 2961 1224 3027 [ομ
1235 2961 1288 3025 ple.

309 3031 375 3098 rique
389 3033 450 3082 Pier.
462 3033 527 3083 Gud.
538 3032 598 3081 alter
610 3035 699 3082 Hamb.
711 3046 767 3083 tert.
782 3034 897 3084 Rottend.
911 3050 950 3098 qu.
965 3035 1058 3084 Moret.
1069 3048 1124 3081 cum
1135 3046 1191 3085 tert.
1200 3038 1288 3099 Goth..

308 3110 385 3176 licque
396 3115 462 3158 Serv.
471 3110 550 3174 legisse
558 3112 661 3160 videtur.
689 3114 754 3179 saffae
765 3122 854 3170 tamen,
864 3112 929 3174 quod
937 3112 962 3158 in
974 3111 1066 3159 Medic.
1081 3123 1104 3158 et
1113 3107 1165 3158 aliie
1175 3109 1287 3172 habetur,

307 3187 394 3252 ubique
405 3187 496 3236 leeium
504 3201 555 3236 erat
566 3198 620 3235 ante
631 3190 810 3236 Burmannum:
829 3200 854 3234 et
862 3185 1003 3235 hauddubie
1012 3187 1057 3233 hoc
1070 3184 1163 3234 dodiius
1174 3187 1285 3238 dietum:

300 3268 365 3335 suffe
375 3266 478 3315 inundant
484 3267 595 3332 sanguine,
605 3263 718 3321 absolute,
729 3280 773 3326 pro
785 3263 888 3328 vulgari,
897 3264 985 3330 'sanguis
998 3263 1168 3329 inundatfoffirr,
1180 3275 1206 3312 ut
1217 3270 1285 3315 amnis

306 3344 395 3393 inundat
406 3358 500 3407 campos;
517 3358 560 3389 nec
571 3340 678 3405 exempla
690 3341 792 3389 aliorum
803 3346 933 3405 poetarum
942 3340 1041 3398 desunt;
1058 3350 1082 3387 et
1094 3338 1124 3386 sic
1138 3339 1285 3393 Priscianum

307 3415 361 3471 Vlll
380 3436 475 3485 quoque
494 3418 575 3483 legisse
587 3429 654 3465 notat
666 3420 711 3466 Ge.
727 3417 817 3467 Fabric.
853 3418 887 3466 At
908 3420 988 3465 Burm.
1000 3415 1069 3482 foffar
1089 3416 1212 3480 praetulit3
1228 3436 1285 3471 cunr

308 3500 371 3546 enim
382 3500 462 3564 nrffcenr
473 3495 622 3561 precesserit,
644 3496 708 3559 quod
728 3495 759 3542 ad
772 3493 876 3542 Rutulos
886 3491 1012 3549 reseratur,
1024 3491 1144 3556 requirere
1156 3492 1285 3552 rationem,

307 3587 334 3624 ut
350 3588 374 3623 et
386 3574 454 3640 f⁹ffi¹³
466 3573 547 3620 adens
558 3571 683 3619 reseratur.
716 3573 761 3619 Sed
773 3569 789 3618 s
801 3570 852 3618 hac
863 3569 946 3634 regula
962 3569 1041 3617 valere
1053 3567 1132 3626 debet,
1151 3584 1199 3616 non
1209 3586 1285 3634 pauca

308 3655 420 3701 Maronis
434 3652 485 3699 loca
496 3662 566 3699 erunt
578 3645 736 3698 immutanda.
771 3646 1099 3713 Erroremutpraecidamur‚
1114 3645 1167 3711 poll
1178 3664 1284 3698 murorum
1387 3689 1392 3701 .

306 3732 375 3797 plena
387 3743 483 3779 tantum
505 3728 696 3791 interpundiione
716 3743 776 3790 opun
795 3725 837 3774 est.
871 3726 938 3774 Tum
957 3725 1022 3773 idem
1039 3723 1102 3773 insta
1119 3726 1165 3783 Xl,
1187 3725 1234 3788 383
1256 3728 1284 3778 in

308 3806 375 3858 fimili
387 3808 440 3856 loco
445 3807 509 3872 foffae
520 3804 626 3867 reliquit.
661 3801 779 3869 Equidem
791 3817 838 3868 qon
851 3801 959 3850 dubitem
969 3803 1088 3869 foffaepro
1107 3816 1165 3848 vero
1184 3802 1284 3853 habere.

306 3898 408 3944 -25.
417 3881 593 3948 Unquamncsec.
604 3870 805 3929 Morou-426.
817 3882 891 3926 iterum
899 3878 970 3941 irrfidet
979 3889 1033 3925 tert.
1044 3879 1236 3936 Muret.-27.
1247 3897 1284 3927 nee

307 3981 343 4011 ron
354 3963 455 4009 exercitur
468 3958 529 4004 asur.
563 3954 749 4003 Hemislichium
760 3954 821 4002 mihi
839 3952 965 4000 videbatur
981 3952 1079 4015 frigere,
1098 3950 1176 3998 multo
1196 3955 1284 4017 magio,

307 4037 332 4097 fi,
352 4049 378 4086 ut
396 4035 446 4084 sere
465 4032 565 4089 factum,
586 4031 656 4096 plene
676 4030 855 4095 interpungitur
873 4027 926 4092 post
943 4027 1014 4074 aseer:
1043 4023 1088 4071 Sed
1108 4025 1167 4071 bene
1187 4029 1284 4078 monuit
1340 4027 1364 4082 ¹,

307 4113 420 4170 Brunck„
441 4126 495 4157 cum
507 4110 571 4171 seqq.
593 4107 666 4154 verba
677 4106 727 4155 baec
743 4104 787 4153 effe
798 4104 937 4168 jungendat
953 4101 995 4149 etsi
1010 4101 1048 4148 vel
1068 4098 1097 4146 fic
1116 4101 1176 4149 dura
1193 4105 1282 4159 oratio.

308 4189 411 4240 -ιε,
423 4189 500 4256 surget
512 4183 603 4232 Medic.
622 4183 687 4230 Gud.
699 4193 723 4230 et
735 4181 774 4230 olii
785 4181 864 4229 Heius.
873 4196 899 4226 ac
911 4182 1003 4234 Burm,
1011 4175 1164 4225 minuebene.
1199 4182 1282 4233 Poeta

307 4266 437 4315 ridendum
449 4264 489 4319 eil,
509 4275 619 4324 utquam
631 4259 734 4307 maxime
751 4258 775 4304 in
788 4255 927 4319 presentem
940 4269 991 4302 rem
1002 4253 1102 4303 ledlorcs
1112 4253 1220 4305 adducat.
1253 4262 1283 4310 ab

306 4349 366 4393 mn
377 4359 413 4408 pr.
425 4340 596 4405 Vols—29.
617 4357 648 4387 me
658 4358 686 4387 v.
700 4336 760 4383 alter
772 4337 869 4399 Menag.

306 4529 338 4569 ex
352 4509 442 4567 Ennio
455 4523 500 4565 aut
514 4509 569 4564 alio
582 4522 668 4564 vetere
688 4509 769 4583 po'e'ta
817 4523 895 4582 quem
907 4503 971 4562 belli
982 4501 1283 4580 societatejungenrlum

306 4589 434 4645 dullum:
459 4608 485 4644 v.
512 4585 579 4643 Var.
605 4586 679 4642 tect.
723 4607 767 4643 2.
818 4577 1281 4656 miffierantaLatinislegatics.

234 4716 237 4722 .
306 4666 480 4741 bbnquarrne,
502 4683 535 4719 an
550 4662 653 4738 ubique
666 4681 697 4717 ea
711 4606 769 4738 'epia
817 4660 875 4737 su'p.
889 4658 971 4726 VllI,
990 4678 1020 4733 9,
1040 4670 1068 4711 et
1087 4656 1136 4712 lib.
1156 4656 1210 4724 Xl,
1224 4675 1279 4734 225

307 4741 414 4799 fortuna
428 4756 527 4808 manet,
544 4756 574 4798 ut
592 4738 730 4797 obfidione
744 4737 769 4794 se
818 4734 876 4822 sqq.
937 4755 983 4813 ²9·
1016 4729 1160 4808 Supersunt
1176 4730 1288 4817 ‘adbuc'

305 4817 401 4896 pressos
414 4817 531 4876 videant.
572 4837 618 4886 27.
640 4817 768 4873 Necnon
816 4811 957 4870 cicatrices
976 4808 1096 4867 vulneris
1117 4803 1284 4864 aDromede
1362 4864 1367 4876 ,
1463 4830 1469 4847 ·

305 4897 373 4954 alter
396 4895 529 4953 exercitus
560 4911 587 4952 et
619 4891 770 4950 Diomedes
816 4887 931 4966 accepti.
964 4885 1022 4944 vid.
1054 4883 1135 4942 Iliad.
1168 4909 1190 4949 ε,
1225 4902 1282 4961 334

306 4969 391 5060 surgit
403 4970 549 5048 AEtolionb
562 4973 651 5060 Arpis,
670 4969 706 5026 ab
719 4970 769 5028 AE-
816 4964 889 5040 seqq.
930 4960 1047 5051 Videtur
1066 4960 1111 5018 hic
1132 4961 1208 5018 locus
1226 4960 1282 5018 lec·

309 5050 372 5105 toln
390 5046 439 5106 sub
452 5046 589 5106 Diomede
600 5047 708 5115 insessis,
734 5044 770 5103 ad
817 5055 859 5099 tur
872 5042 921 5098 esse
934 5038 1039 5098 Orrdto
1052 5037 1124 5098 Met.
1137 5034 1210 5106 XV,
1223 5037 1280 5113 768

342 5123 432 5181 Tou.
451 5121 507 5180 Ill.
857 5115 879 5179 B
900 5117 918 5174 b
1207 5113 1281 5192 seqq.
