3475 6234
490 818 493 823 ’
609 836 701 915 no
740 836 1028 920 sinuosi
1061 849 1144 926 vn.
1296 879 1360 953 147

376 1031 418 1093 'ad
436 1036 532 1098 ltaliae
553 1038 654 1100 littora
675 1043 790 1102 accessu.
830 1043 878 1102 De
890 1043 1012 1105 Hercule
1036 1044 1150 1123 quidem
1163 1042 1266 1104 fabulas
1278 1045 1363 1104 innu-

380 1126 479 1197 lueras,
498 1150 638 1209 magnum
652 1129 779 1208 inprimis
794 1131 901 1191 urbium
912 1154 1055 1193 numerum
1070 1135 1159 1194 Italia
1172 1136 1209 1193 ab
1224 1155 1257 1194 eo
1267 1135 1312 1194 vel
1325 1132 1363 1191 ab

380 1214 436 1295 ejus
447 1218 511 1278 filiis
524 1220 715 1292 conditarum,
735 1238 928 1291 narraverunt,
948 1226 1047 1302 Ulyffrs
1060 1240 1153 1283 autem
1167 1225 1363 1303 progenielaut

377 1303 517 1368 sotiorum
530 1311 658 1391 stirpibus
679 1332 790 1372 omnem
809 1315 902 1391 paffim
922 1316 1033 1375 Italiam
1045 1317 1267 1394 frequentarunt.
1307 1317 1362 1393 Ipsi

379 1393 454 1475 adeo
465 1400 586 1461 Ausones
600 1403 637 1460 ab
653 1403 774 1470 Ausone,
794 1403 840 1462 seu
852 1404 950 1463 Circes
968 1406 1024 1464 filio
1037 1428 1072 1466 ex
1085 1407 1181 1483 Ulysse
1194 1406 1239 1464 seu
1253 1407 1363 1485 Calyp-

377 1482 448 1557 sus,
467 1507 558 1552 ortum
579 1494 702 1554 habuisse
721 1511 876 1555 narrantur.
915 1499 1025 1556 Fessus:
1059 1501 1192 1575 Arsaniam
1211 1497 1363 1578 appellavit

378 1577 463 1660 Asson
476 1582 566 1660 Uff'
579 1602 604 1644 et
618 1586 740 1663 Calyffla
751 1585 827 1664 filius
836 1609 891 1646 eam
903 1593 1014 1664 primam
1027 1604 1130 1666 partem
1143 1590 1246 1658 Italia,
1266 1601 1295 1651 in
1307 1617 1360 1672 qua

369 1671 432 1747 sut
443 1673 519 1733 urbes
531 1677 710 1736 Beneventum
724 1695 748 1735 es
763 1679 842 1737 Cales
856 1680 925 1756 (hoc
945 1679 1069 1758 quidem,
1090 1681 1213 1760 utsupra
1227 1684 1358 1753 vidimus,

378 1763 466 1834 tenu
500 1785 566 1824 nam
592 1787 627 1826 ea
649 1770 739 1827 Italia
760 1788 824 1846 pars
846 1770 973 1828 Ausoniae
995 1771 1105 1829 nomine
1121 1773 1233 1849 proprie
1243 1766 1357 1854 insignis

379 1846 456 1928 ἕως
474 1857 566 1915 deinde
580 1857 721 1934 paullatim
742 1876 798 1916 tota
820 1883 914 1938 quoque
926 1859 1022 1926 Italia,
1042 1884 1100 1938 quae
1113 1864 1241 1939 Apennino
1246 1867 1357 1941 finitur,

379 1943 446 2001 diua
457 1949 493 2022 est
503 1947 615 2022 Ausonia
632 1948 774 2025 (hasiensis
787 1965 870 2007 vere:
892 1948 938 2008 sed
951 1949 1057 2026 reliqua
1077 1949 1210 2024 fabulose)
1228 1952 1356 2016 abeodem

379 2035 444 2102 dare,
462 2056 482 2092 a
495 2044 634 2114 quaetione
647 2043 771 2098 conditam
780 2042 859 2117 suff
883 2041 1016 2098 Aruncanr
1036 2039 1122 2098 urbem
1134 2049 1232 2120 ferunt
1247 2046 1356 2121 (Suessa

379 2124 519 2195 Aurunca,
540 2128 576 2188 ab
591 2131 730 2189 Auruncis
745 2131 897 2206 habitata).
938 2131 986 2189 Ab
1000 2132 1098 2204 Ulysiis
1109 2147 1136 2189 et
1151 2131 1249 2194 Circes
1267 2131 1355 2198 tribus

378 2214 448 2281 iliis,
468 2215 573 2286 Romo,
595 2213 684 2277 Antia
696 2219 838 2285 etArdea‚
859 2237 914 2280 tres
929 2220 1009 2280 urbes
1022 2220 1148 2280 conditas
1158 2236 1187 2279 et
1200 2226 1355 2288 nominatas

376 2303 537 2384 Xenagoras
550 2309 703 2368 tradiderat
719 2331 764 2387 ap.
780 2309 899 2389 Dionys.
915 2313 941 2376 1,
956 2331 993 2389 72
1016 2315 1063 2389 (p.
1080 2314 1127 2391 58)
1144 2313 1182 2370 cs.
1198 2315 1273 2375 viros
1286 2319 1355 2378 doc-
1379 2378 1384 2391 ,

377 2409 415 2457 tos
425 2398 462 2456 ad
472 2399 604 2478 Stephao.
614 2400 743 2477 in'nqita
755 2416 784 2460 et
794 2401 910 2460 Cluver.
923 2422 990 2482 pag.
1006 2401 1073 2480 976.
1113 2401 1245 2464 Latinum
1257 2408 1355 2469 Circes

375 2503 402 2547 et
417 2490 518 2564 Ulyffis
543 2491 699 2567 lilinrnjarn
719 2493 855 2573 hlefiodus
879 2490 1005 2569 prodidit
1019 2493 1132 2572 Theog.
1156 2513 1239 2557 sorr.
1266 2518 1354 2583 1013,

375 2577 538 2640 Telemachi
554 2597 584 2640 et
604 2582 703 2642 Circes
718 2582 803 2642 filiurn
816 2582 877 2649 alii,
897 2584 971 2641 sorte
991 2582 1049 2658 ipse
1062 2584 1224 2664 Telegoniae
1246 2592 1354 2661 audior,

374 2671 504 2729 carminis
521 2671 639 2748 cyclici:
661 2693 689 2729 v.
704 2674 815 2752 Hygin.
839 2673 860 2730 s.
889 2691 955 2750 127,
976 2672 1024 2730 ubi
1043 2693 1071 2730 v.
1087 2675 1182 2751 intpp.
1196 2677 1259 2737 add.
1272 2679 1354 2739 Geo-

375 2779 441 2838 pon.
454 2760 509 2827 x1,
523 2780 550 2829 2,
569 2760 617 2820 ubi
626 2783 654 2820 v.
666 2763 772 2822 Nicias.
787 2766 825 2823 V.
841 2764 878 2822 C.
918 2763 1111 2841 Corruperant
1121 2766 1288 2827 Telemachi
1302 2791 1353 2830 no-

374 2871 440 2910 men
449 2851 654 2911 anadiderant
662 2853 785 2931 Telephi
799 2853 887 2911 ilium
897 2851 957 2915 alii,
979 2873 1048 2930 quos
1063 2851 1208 2912 Cedrenus
1222 2854 1351 2933 sequutus

373 2944 411 3001 eli
423 2965 454 3022 p.
472 2961 505 3021 13
509 2965 525 3021 5
538 2944 578 3004 D.
618 2943 712 3020 Hujus
723 2944 832 3021 generis
847 2942 933 3001 multa
945 2943 975 3001 in
985 2943 1078 3020 primo
1090 2942 1180 3001 statim
1193 2943 1265 3003 libro
1281 2943 1353 3007 Dio'·

372 3034 440 3112 nysi
451 3049 480 3092 et
490 3033 577 3092 Sosin.
596 3052 659 3111 cap.
683 3053 700 3090 2
724 3032 856 3110 cognosci
868 3033 986 3109 possunt.
1030 3030 1171 3091 Traducta
1185 3052 1295 3110 quoque
1308 3058 1353 3095 res

371 3126 405 3183 ad
417 3125 514 3184 aliosa
527 3122 618 3198 Troja
632 3123 678 3181 seu
692 3123 805 3181 reduces
820 3120 865 3179 seu
876 3121 1023 3200 profugos.
1064 3120 1108 3178 Ita
1122 3122 1218 3202 Capys
1230 3127 1352 3205 Campa.

372 3215 444 3273 niam
457 3213 558 3273 tenuit.
599 3214 666 3272 Alia
679 3233 708 3271 v.
729 3233 776 3290 ap.
801 3213 881 3269 Serv.
902 3210 937 3268 ad
951 3212 1015 3269 ἔῃ.
1036 3211 1063 3276 1,
1085 3231 1154 3288 ²4²·
1195 3216 1354 3298 Corrupere

371 3304 489 3364 Romani
501 3302 573 3382 ipsas
585 3301 721 3361 sacrorum
735 3302 841 3359 suorum
862 3299 1074 3358 domesticorum
1094 3299 1225 3378 origines,
1246 3322 1276 3364 ut
1296 3309 1353 3370 Lu.

371 3397 534 3475 percalium,
555 3415 617 3472 quae
629 3416 666 3454 ex
677 3393 796 3454 Arcadia
807 3392 955 3470 repetiere.
995 3393 1042 3450 De
1054 3394 1150 3452 Fauno
1170 3416 1197 3452 v.
1209 3397 1353 3460 Plutarch.

373 3486 471 3546 Parall.
483 3508 516 3564 p·
528 3503 596 3563 315.
612 3504 638 3542 c·.
678 3487 747 3563 Qae
755 3485 848 3542 omnia
863 3483 882 3541 su
895 3482 975 3540 semel
987 3482 1174 3542 animadversa
1182 3501 1211 3544 et
1225 3489 1353 3567 perspec-

372 3575 536 3637 tahabueris
556 3574 637 3632 dudla
649 3572 697 3631 illa
707 3593 741 3631 cx
752 3593 839 3651 prava
853 3571 993 3650 opinione,
1009 3572 1053 3629 sed
1067 3592 1132 3630 curn
1142 3574 1249 3633 ratione
1262 3594 1351 3646 certa,

372 3669 519 3727 multarum
532 3664 730 3722 obscuritatum
746 3680 774 3719 et
786 3663 980 3721 difficultatum
993 3660 1095 3719 nubem
1113 3682 1148 3720 ex
1163 3680 1255 3724 vetere
1266 3667 1351 3728 hillo·

318 3736 328 3746 ·
372 3757 411 3817 ria
422 3753 657 3834 faciledispulsarn
672 3753 723 3809 csse
738 3752 885 3829 intelliges.

338 3855 340 3860 '
407 3847 483 3926 Qid
494 3844 571 3922 quod
583 3843 647 3900 satis
662 3842 805 3919 probabile
815 3842 884 3899 mihi
895 3843 936 3907 fit,
957 3840 1044 3917 ipsam
1059 3840 1181 3898 fabulam
1196 3840 1231 3898 de
1242 3843 1348 3903 Romu·

371 3937 433 3997 luet
446 3938 564 3994 Remos
577 3932 643 4009 lupa
665 3934 772 3990 lactatis
797 3952 813 3989 a
833 3933 953 3991 nominis
976 3931 1206 4010 interpretatione
1219 3934 1271 3991 esse
1284 3956 1350 4013 pro·

372 4027 484 4085 seuam:
506 4043 571 4080 nam
586 4042 697 4087 arama,
716 4022 762 4079 seu
776 4029 852 4088 rami,
873 4023 948 4100 quod
965 4039 1042 4079 vetus
1053 4041 1179 4079 manimae
1187 4042 1287 4081 nornen
1301 4026 1350 4089 est,

373 4115 463 4174 Romae
473 4133 574 4172 nornen
585 4111 728 4171 deduxisse
742 4113 885 4171 nonnullos
900 4112 1024 4169 videmus
1037 4134 1046 4179 ;
1076 4127 1105 4169 ut
1124 4111 1192 4169 alios
1214 4133 1230 4168 a
1244 4120 1349 4170 virtute

371 4224 402 4265 ac
412 4205 495 4264 robert
518 4202 554 4260 ad
565 4202 697 4260 Graecani
712 4224 809 4260 vocem
821 4208 909 4276 ρὥηι.
950 4201 1095 4279 ignoratio
1110 4200 1240 4278 originis,
1263 4220 1279 4257 a
1294 4221 1350 4276 qua

374 4316 466 4355 nomen
479 4294 554 4353 urbis
569 4293 682 4351 dudlum
697 4295 772 4358 esset,
782 4294 924 4352 hominum
939 4293 1044 4351 animos
1054 4293 1089 4350 ad
1101 4292 1271 4366 conjeslurss
1286 4310 1350 4348 con

374 4393 464 4457 vertit,
484 4411 546 4467 qua
560 4390 654 4466 possea
668 4388 695 4446 in
707 4389 879 4446 narrationes
894 4388 1027 4444 abierant.
1068 4384 1153 4459 Qrod
1168 4384 1186 4440 sr
1200 4401 1298 4440 verum
1311 4385 1349 4441 est

372 4498 399 4538 et
412 4501 444 4539 ert
454 4480 656 4557 aritiquiorihus
667 4479 795 4545 sumtum,
816 4478 889 4556 quod
910 4478 1020 4535 Servius
1036 4476 1070 4532 ad
1090 4476 1137 4532 lib.
1153 4474 1242 4538 VIII,
1262 4493 1300 4551 90
1319 4490 1349 4532 et

372 4573 433 4631 alibi
444 4570 538 4637 habet,
559 4590 588 4627 ur
604 4567 718 4626 liberis
730 4570 844 4647 priscum
858 4588 959 4626 nornen
977 4569 1074 4625 Rumon
1087 4563 1171 4621 fucrit
1196 4564 1299 4640 (neque
1311 4563 1347 4623 il·

373 4664 414 4724 lud
425 4663 494 4724 adeo
505 4663 660 4723 abhorrens
675 4661 711 4721 ab
722 4661 907 4741 antiquissimo
917 4679 1051 4739 aquarum
1064 4673 1091 4716 ct
1101 4656 1223 4715 amnium
1237 4657 1347 4717 nomine

839 4750 867 4809 K
888 4770 905 4809 2
1164 4818 1167 4823 .
1296 4763 1347 4821 fer
