3475 6234
759 1416 897 1486 144
1265 1380 2022 1470 ExcURsus
2103 1389 2209 1469 lv

750 1599 931 1665 efferat,
971 1598 1039 1655 ad
1069 1599 1294 1656 Graecos
1319 1597 1540 1665 referre,
1565 1617 1632 1655 ex
1661 1596 1877 1657 Gra-cis
1902 1599 2167 1669 moribus,
2193 1598 2463 1669 institutis,
2503 1610 2559 1658 et
2584 1594 2713 1675 opi-

750 1687 1005 1744 nionibus
1032 1689 1307 1753 illustrare,
1345 1700 1400 1743 et
1417 1704 1502 1751 ea,
1543 1704 1666 1762 quae
1689 1705 1722 1742 a
1749 1684 1962 1744 Graecis
1987 1688 2371 1766 discreparent,
2408 1688 2478 1747 ad
2516 1706 2711 1746 eorum

749 1776 910 1832 verba
931 1792 984 1834 et
1012 1795 1092 1834 res
1116 1772 1526 1833 accommodare
1552 1773 1838 1833 studerent.
1920 1774 2008 1833 Est
2034 1796 2093 1834 en
2123 1778 2288 1837 studii
2314 1776 2546 1837 historici
2566 1776 2707 1837 iuter

748 1883 934 1921 omncs
951 1864 1174 1940 populos
1197 1860 1449 1928 infantia,
1490 1877 1549 1919 ut
1573 1860 1785 1919 suarum
1816 1881 1991 1920 rerum
2016 1863 2260 1942 origines
2282 1883 2433 1945 aptas
2456 1880 2511 1925 et
2534 1884 2701 1923 nexas

748 1956 848 2011 effe
873 1954 1037 2011 velint
1061 1972 1129 2010 ex
1145 1950 1338 2009 illustri
1365 1951 1552 2028 aliquo
1579 1950 1659 2008 sui
1686 1950 1775 2007 seu
1801 1950 1965 2027 prisci
1993 1953 2249 2029 temporis
2275 1956 2498 2032 populo.
2577 1951 2702 2009 Ma-

742 2045 885 2122 jores
923 2040 1083 2099 nostri
1125 2059 1312 2119 regum
1349 2038 1530 2116 stirpes
1564 2038 1636 2097 ad
1688 2039 1960 2116 Trojanos
2001 2041 2085 2097 vel
2120 2039 2350 2101 Graecos
2387 2041 2708 2102 referebant·

747 2130 1011 2189 Similiter
1058 2126 1294 2186 Romani
1338 2126 1584 2185 omnium
1633 2125 1743 2185 fere
1788 2126 2099 2186 Italicarum
2143 2128 2359 2189 urbium
2404 2131 2629 2189 nomina
2651 2148 2709 2189 et

746 2218 980 2294 origines
1002 2238 1034 2272 a
1062 2215 1276 2275 Graecis
1301 2215 1630 2293 repetebant,
1666 2210 2106 2294 quandoquidem
2132 2218 2374 2277 colonias
2399 2218 2629 2279 Graecas
2647 2222 2705 2279 in

745 2307 927 2364 multis
952 2305 1127 2363 Italiae
1143 2304 1324 2382 passim
1354 2304 1490 2362 loeis
1514 2303 1802 2365 consedisse
1819 2322 2156 2385 acceperann

820 2396 1002 2472 Hujus
1035 2394 1247 2471 generis
1287 2393 1642 2472 mythologiis
1663 2394 1812 2474 pleni
1830 2392 1952 2452 sunt
1982 2395 2372 2465 Grammatiei,
2414 2386 2698 2475 inprimis-

743 2506 851 2562 que
896 2482 1255 2552 Macrobius;
1308 2482 1364 2541 in
1392 2482 1590 2560 quibus
1623 2499 1832 2562 tempus
1873 2484 2181 2544 consumere
2218 2485 2492 2564 figillatim
2534 2508 2707 2569 expo-

742 2576 932 2633 nendis
970 2575 1139 2633 nolim
1185 2594 1551 2651 quemquam;
1610 2573 1733 2632 satis
1766 2574 1838 2631 est
1877 2593 1987 2633 rem
2024 2575 2250 2634 omnino
2289 2591 2490 2635 tenere.
2566 2576 2706 2643 Sed.

743 2666 892 2741 quod
920 2666 1136 2743 gravius
1160 2665 1256 2729 est,
1301 2663 1513 2739 antiqui
1539 2663 1621 2721 isti
1645 2662 1948 2742 scriptores,
1993 2685 2129 2743 quos
2154 2665 2237 2722 illi
2257 2665 2433 2723 adhuc
2460 2665 2707 2743 integros

742 2754 1024 2812 versabant
1051 2754 1294 2810 manibus
1317 2769 1371 2809 et
1395 2749 1793 2821 exscribebant,
1840 2750 2030 2811 iisdem
2057 2751 2402 2832 opinionibus
2423 2769 2577 2812 erant
2598 2755 2709 2814 im*

745 2843 887 2901 buti.
983 2844 1068 2900 Ex
1110 2858 1215 2920 qua
1263 2841 1402 2898 sefta
1442 2841 1573 2900 Cato
1609 2840 1859 2920 inprimis
1904 2841 2033 2911 fuit,
2087 2842 2181 2919 qui
2232 2842 2348 2901 sero
2399 2845 2704 2902 litterarum

744 2930 1062 2990 Graecarum
1091 2929 1264 2987 studio
1288 2928 1355 2985 ad
1380 2947 1599 3006 pravam
1624 2949 1744 2987 eam
1772 2928 2033 2987 rationem
2059 2930 2315 2989 deduflus
2340 2932 2441 2989 ess'e
2468 2932 2701 2991 videtur.

742 3020 937 3079 Eidem
976 3019 1225 3095 adjungit
1275 3016 1332 3074 Ρ.
1376 3022 1707 3094 Sempronium
1729 3017 2017 3094 Aſsllionem
2059 3017 2350 3094 Dionysius
2392 3019 2444 3087 I,
2495 3040 2546 3078 c.
2607 3042 2696 3082 11.

741 3110 1027 3176 Caecilium
1069 3108 1161 3184 qui
1210 3107 1463 3163 Graecam
1506 3105 1652 3164 urbis
1681 3106 1872 3164 Romae
1894 3105 2166 3184 originem
2202 3105 2460 3177 ediderit,
2506 3106 2702 3167 Strabo

735 3216 1000 3257 memorat
1025 3199 1122 3257 lib.
1152 3197 1230 3265 V,
1259 3218 1310 3275 p.
1358 3217 1386 3273 3
1399 3217 1462 3275 32
1507 3197 1556 3254 C
1592 3218 1609 3263 ;
1657 3195 1756 3272 qui
1796 3212 1972 3254 tamen
2012 3192 2148 3254 forte
2173 3195 2245 3253 est
2280 3196 2504 3277 Cincius,
2544 3198 2699 3274 cujus

741 3309 936 3348 nomen
961 3288 1100 3366 apud
1127 3286 1445 3362 Dionysium
1467 3303 1679 3361 quoque
1706 3281 1805 3340 lib.
1833 3284 1879 3341 Ι.
1925 3305 2021 3363 74,
2056 3304 2111 3360 p.
2158 3303 2227 3361 59
2272 3281 2450 3341 Huds.
2495 3287 2701 3343 Kalxaof
