3475 6234
590 879 681 953 AD
722 877 1005 953 LIBRUM
1046 880 1131 955 VII.
1284 905 1350 985 137

411 1073 485 1134 lutra
498 1074 778 1155 Aberr'gs'rrrrrstr‘rprrr
786 1082 898 1155 po'e‘tarn
908 1076 983 1136 Latii
998 1097 1038 1136 res
1052 1079 1193 1139 continere
1216 1096 1244 1140 et
1262 1081 1350 1142 inclu-

372 1164 433 1225 dere
451 1165 538 1225 mdo
559 1165 694 1226 diximus.
743 1166 802 1246 Qui
819 1166 863 1224 illi
881 1166 992 1234 fuerint,
1028 1168 1137 1245 quaesiio
1154 1171 1191 1228 est
1208 1169 1278 1228 inter
1297 1189 1348 1228 ve·

373 1269 438 1313 eser
459 1269 488 1313 et
513 1255 683 1314 recentiores
709 1256 793 1314 variis
816 1255 904 1314 modis
926 1257 1040 1334 agitata
1083 1259 1219 1317 Portemus
1239 1260 1284 1319 hic
1303 1279 1348 1326 ea,

373 1362 446 1420 que,
465 1345 524 1422 poli
534 1343 701 1424 diligentem
714 1344 744 1402 in
754 1344 798 1402 his
811 1344 893 1402 rebus
905 1345 959 1403 alio
975 1347 1037 1405 loco
1050 1348 1351 1426 collocatamoperars.

372 1454 409 1494 ex
420 1436 526 1496 taeteris
538 1438 661 1498 medune
674 1439 754 1498 nobis
778 1439 804 1498 se
826 1440 989 1517 probarunt,
1011 1460 1099 1518 eaque
1118 1441 1178 1499 aliis
1196 1442 1349 1501 rationibus

371 1524 583 1597 illustrabimuss
610 1543 746 1608 quantum
761 1528 874 1607 quidem
887 1528 924 1587 ad
937 1529 1046 1590 dottam
1059 1531 1349 1615 poitaeinterpretati·

372 1636 455 1679 ouem
463 1619 528 1681 satis
538 1622 592 1680 esse
604 1621 756 1681 videbitur.

411 1711 502 1770 Fuere
517 1710 672 1791 Aborigines
697 1733 733 1772 ex
756 1712 948 1790 antiquiffimis
965 1712 1067 1772 veteris
1081 1714 1171 1772 ltalia
1183 1716 1350 1777 habitatori.

374 1799 434 1867 bus,
455 1799 503 1859 sed
521 1805 578 1878 Μ
594 1801 702 1861 Umbros
721 1818 750 1860 et
770 1802 874 1863 Siculos.
914 1807 985 1883 Qae
1003 1803 1038 1862 de
1055 1823 1150 1863 eorum
1164 1807 1358 1887 originevul-'

374 1910 412 1971 go
429 1893 532 1953 tradita
551 1894 686 1972 legimus,
712 1915 746 1954 ex
768 1895 889 1954 nominis
910 1897 969 1955 sere
992 1898 1086 1956 cauffis
1109 1918 1206 1975 parum
1230 1900 1368 1970 feliciter

374 1986 459 2066 petita
469 1985 544 2046 sunt.
585 1986 663 2046 Mihi
672 2006 740 2045 vcro
753 2006 789 2045 ne
801 1986 830 2045 id
843 1986 958 2065 quidem
971 1988 1077 2066 liquere
1091 1988 1213 2058 videtur,
1228 2010 1262 2049 an
1275 1993 1349 2050 antl-

373 2094 456 2153 quum
471 2095 570 2135 eorum
583 2095 684 2134 nomen
697 2076 765 2135 illud
778 2076 873 2136 fuerit.
915 2080 943 2137 Α
964 2077 1125 2147 seriorlbus,
1151 2079 1199 2159 qui
1219 2081 1348 2160 antiquas

374 2184 417 2226 res
436 2166 572 2225 memoria
584 2168 630 2224 vel
648 2166 804 2226 litterarum
822 2168 1008 2228 monumentis
1022 2183 1191 2247 repeterent,
1203 2168 1349 2229 inventurn

372 2274 471 2325 nomen
484 2273 565 2336 puto,
579 2271 610 2315 ut
623 2258 727 2333 primos
740 2256 814 2316 Latii
828 2273 856 2314 et
868 2258 993 2317 locorum
1003 2258 1079 2316 circa
1088 2257 1217 2317 Tiberim
1227 2258 1262 2316 ad
1273 2279 1350 2319 maru

373 2361 568 2433 properantem
595 2347 715 2406 cultores
735 2346 921 2425 defignarent,
943 2364 1086 2425 tamquam
1110 2348 1281 2426 advixisse,
1302 2366 1356 2409 re·⁴

371 2437 461 2518 ipesto
470 2436 508 2496 ad
521 2436 645 2495 advenas
655 2435 762 2502 habito,
782 2435 831 2515 qui
848 2437 979 2514 deinceps
992 2437 1022 2496 in
1035 2437 1132 2496 eadem
1147 2439 1210 2498 loca
1222 2442 1350 2500 conflux-

371 2543 457 2589 erant.
500 2527 684 2587 Oblituerunt
706 2527 824 2607 posthaec
847 2527 1016 2607 Aborigines
1037 2528 1085 2586 sub
1110 2527 1274 2591 Latinorum
1298 2550 1350 2591 no·

372 2619 457 2686 mine,
476 2616 552 2697 quod
569 2617 808 2696 primumpartenr
818 2632 926 2676 tanturn
940 2617 1046 2696 pupuli,
1073 2619 1120 2696 qui
1131 2618 1180 2678 sub
1193 2640 1261 2698 rege
1278 2638 1350 2687 erat,

373 2706 533 2787 defignulie,
555 2726 619 2773 nec,
646 2707 696 2766 nist
718 2705 889 2765 Albanorum
911 2727 1010 2786 regum
1029 2700 1215 2768 'crescentibus
1238 2711 1350 2790 opibus,

375 2798 459 2858 latius
471 2811 563 2877 putere
572 2796 684 2877 coepisse
698 2796 819 2856 videtur.
860 2796 998 2878 Virgilius
1012 2813 1117 2879 tamen,
1131 2814 1163 2858 ut
1174 2803 1269 2878 po'e'ta,
1290 2802 1350 2878 jam

376 2889 474 2949 ΕΜ
491 2901 615 2967 tempora
634 2886 749 2945 Latium
769 2901 798 2944 et
816 2885 932 2946 Latinos
950 2907 986 2946 ex
1007 2886 1180 2967 sequentium
1194 2902 1351 2968 temporum

375 2975 533 3037 conditione
542 2976 675 3039 aeilimare
688 2976 790 3056 potuit.

412 3063 612 3144 Antiquiorum
625 3066 778 3131 ausurum,
803 3085 872 3142 quos
882 3066 1033 3144 Dionysius
1043 3065 1194 3145 exscripsit,
1215 3068 1267 3128 ide
1281 3088 1351 3128 con,

374 3159 433 3224 dat,
462 3154 631 3234 Aboriginum
649 3154 790 3212 memoriae
816 3169 845 3213 et
870 3155 987 3214 nominis
1015 3163 1103 3234 prima
1128 3162 1244 3235 vestigia
1276 3159 1356 3220 circu

374 3249 472 3314 Reate,
485 3247 559 3305 ultra
572 3246 704 3305 Velinum
718 3248 809 3303 lacum
822 3260 851 3303 et
871 3245 996 3314 fluvium,
1023 3246 1052 3303 in
1066 3245 1182 3303 Umbris
1196 3265 1351 3307 occurrere.

375 3341 418 3399 Ex
430 3339 473 3398 his
482 3339 560 3397 locus
574 3337 666 3395 versus
679 3356 755 3395 mare
768 3336 861 3395 vicina
872 3356 988 3414 qunque
1000 3336 1132 3412 deinceps
1148 3353 1302 3408 tenuerant,
1323 3354 1352 3399 et

375 3429 400 3487 in
412 3427 509 3488 iisdem
520 3426 590 3486 locis
604 3428 682 3504 plura
697 3426 758 3484 loca
776 3446 872 3484 corurn
886 3427 1048 3488 memoriam
1065 3427 1211 3486 servabant
1224 3429 1353 3507 Dionysii

376 3517 463 3578 adhuc
476 3533 617 3596 tempore,
637 3536 719 3595 quem
732 3515 796 3574 vide
809 3516 860 3575 lib.
882 3516 908 3582 1,
921 3536 948 3577 c.
968 3535 1090 3594 14-17.
1109 3520 1142 3575 18
1162 3519 1353 3579 cumilluslra-

377 3609 493 3669 tionibus
507 3609 644 3673 locorum,
663 3625 731 3684 quas
749 3605 827 3663 dedit
848 3606 908 3682 Cap
921 3607 1027 3663 Martis
1039 3608 1069 3663 de
1080 3607 1188 3683 Chaups
1204 3608 1246 3682 (in
1256 3611 1354 3666 Decurs-

376 3715 451 3756 vem
468 3700 501 3755 dr
521 3696 551 3754 la
574 3696 676 3771 Marsos
695 3697 725 3753 d'
743 3697 843 3753 Horace
862 3696 949 3754 Tum.
973 3695 1032 3760 Ill,
1056 3715 1085 3772 p.
1114 3695 1270 3773 rrzsqq.).
1309 3696 1354 3757 Ut

377 3788 444 3848 adeo
456 3784 644 3864 Aboriginum
653 3803 753 3843 nomen
767 3782 803 3841 ad
816 3802 901 3842 unum
915 3783 1035 3862 aliquem
1046 3803 1102 3842 non
1115 3783 1197 3842 valde
1208 3801 1354 3863 potentem

376 3891 421 3938 aut
429 3878 486 3936 late
495 3875 668 3934 habitantem
679 3874 812 3952 pupulum
826 3875 952 3953 speslasse
964 3875 1068 3933 necesse
1080 3874 1120 3932 stt.

412 3968 529 4029 Mature
548 3983 614 4034 curn
637 3962 762 4033 barbaris
782 3963 836 4021 illis
859 3962 1016 4041 promiscue
1038 3961 1196 4022 habitarunt
1220 3966 1354 4046 Pelasgis

378 4069 477 4116 terram
485 4075 504 4113 a
513 4050 624 4133 populis
633 4071 684 4128 per
696 4051 854 4111 solitudines
864 4051 1018 4110 errantibus
1026 4052 1097 4110 mule
1107 4051 1261 4115 habitatam
1272 4055 1355 4114 sacile

376 4157 544 4222 occuparunt
557 4140 683 4205 advena,
693 4155 723 4196 ut
734 4140 830 4199 nostris
842 4141 969 4199 aetatibus
982 4140 1151 4199 Americarn·
1187 4142 1289 4220 Pelasgi
1299 4160 1356 4219 qua

377 4234 483 4315 origine
496 4232 613 4298 suerint,
635 4231 758 4289 nondum
779 4231 930 4309 quicquam
944 4231 1006 4290 satis
1020 4232 1157 4311 explorati
1170 4232 1270 4291 habeo.
1310 4233 1356 4291 Ex
1390 4236 1392 4241 ’

379 4325 505 4385 Thneiae
515 4324 629 4402 quidem
640 4322 709 4382 lotis
723 4343 770 4381 eos
781 4322 810 4381 in
822 4323 964 4382 Graeciam
982 4322 1144 4382 descendisse
1162 4323 1226 4381 satis
1244 4324 1332 4401 liquet
1345 4344 1356 4394 ς

380 4415 462 4494 liquet
479 4414 566 4474 etiarn
583 4414 659 4472 hoe:
696 4432 713 4468 a
740 4412 916 4472 Phoenicibus
932 4433 980 4471 eos
1001 4413 1120 4483 habuisse
1138 4413 1245 4470 litteras
1254 4435 1264 4481 3
1285 4414 1357 4474 unde

381 4518 468 4562 tamen
476 4522 627 4583 perperam
642 4501 794 4581 colligitur,
809 4521 856 4560 eos
868 4502 1012 4561 Phoenicia
1023 4502 1133 4580 origine
1141 4514 1169 4558 et
1180 4501 1251 4579 ipsos
1260 4501 1355 4565 fuisse:

381 4591 645 4653 boeintcrcertiora
660 4592 762 4658 resero,
788 4591 972 4669 antiquissimo
996 4592 1056 4668 jarn
1079 4606 1204 4668 ternpore
1227 4592 1357 4673 Pelasgos

380 4700 439 4761 sum
454 4682 659 4763 Aboriginibus
679 4679 754 4739 fuisse
774 4681 949 4758 permixtos:
979 4680 1008 4739 id
1026 4678 1100 4758 quod
1122 4678 1288 4760 Dionyssum
1306 4684 1356 4742 adr

1266 4773 1358 4849 duxit,
