3475 6234
1641 930 1647 937 a

755 1278 903 1354 314
1046 1253 1129 1329 P.
1181 1190 1752 1334 v1RG1L'11
1834 1202 2423 1343 MAROle

754 1460 892 1532 Sed
940 1484 1083 1532 non
1116 1462 1412 1559 augurio
1442 1461 1680 1560 potuit·
1705 1462 2060 1561 depellere
2089 1449 2413 1564 pestem(

754 1597 920 1672 Tris
958 1596 1165 1695 juxta
1199 1597 1498 1670 famulos
1533 1615 1795 1671 temere
1829 1597 2011 1672 inter
2040 1601 2176 1672 tela
2197 1601 2527 1699 jacenti&
2556 1626 2702 1702 329

748 1735 1353 1831 Armigerumque
1376 1734 1587 1808 Remi
1608 1736 1889 1831 premit,
1906 1738 2371 1835 aurigamque
2391 1741 2518 1813 sub
2535 1741 2707 1840 ipfis

751 1864 1017 1935 Nadius
1050 1865 1293 1960 equis;
1350 1866 1674 1962 ferroque
1703 1865 1886 1939 secat
1919 1869 2302 1963 pendentia
2331 1874 2517 1949 colla
2537 1909 2583 1959 ς,

750 2002 946 2077 Tum
997 2017 1211 2097 caput
1262 1997 1389 2093 ipfi
1441 1995 1669 2069 aufert
1717 1997 2051 2088 dominc,
2081 2019 2555 2106 truncumque
2588 2034 2705 2084 re..

1034 2133 1294 2229 linquit

746 2271 1101 2366 Sanguine
1135 2267 1683 2366 singultantem:
1734 2285 1890 2340 atro
1917 2270 2264 2366 tepefaela
2293 2297 2540 2349 cruore

747 2410 972 2482 Terra
1022 2408 1306 2503 torique
1354 2405 1671 2482 madent.
1775 2406 1936 2485 Nec
1982 2434 2125 2483 non
2163 2409 2703 2513 Lamyrumque

1038 2531 1511 2625 Lamumque,

746 2672 847 2746 Et
865 2670 1208 2769 juvenem
1242 2668 1642 2757 Sarranum,
1673 2666 1798 2741 illa
1823 2667 1952 2764 qui
1979 2669 2290 2765 plurima
2321 2673 2524 2747 nodie
2556 2695 2648 2771 33
2655 2693 2694 2770 ς

750 2810 1071 2899 Luserat,
1099 2807 1388 2906 infignis
1419 2806 1622 2898 facie,
1666 2806 2038 2906 multoque
2058 2808 2345 2907 jacebat

815 2985 927 3045 328.
958 2987 1151 3052 auguriis
1172 2982 1394 3032 Macrob.
1420 2993 1467 3031 et
1492 2980 1647 3031 Schol.
1670 2982 1808 3032 Statii
1830 2999 1906 3048 ap.
1932 2983 2096 3032 Heins-
2161 2985 2342 3035 Deerat
2362 2986 2523 3034 versun
2545 2985 2696 3037 Goth.

748 3070 1111 3125 tan—329.
1170 3065 1277 3109 inter
1322 3061 1410 3107 lora
1451 3059 1665 3107 Parrhas.
1706 3075 1816 3107 eum
1862 3061 2100 3110 Romano,
2151 3061 2213 3109 cf.
2257 3062 2368 3122 318.
2433 3067 2540 3111 inter
2576 3081 2701 3114 arna

746 3138 905 3188 Goth.
929 3151 1040 3187 tert.
1174 3151 1286 3198 330.
1310 3140 1465 3202 premit
1486 3137 1639 3185 Rheon·
1660 3148 1772 3184 unte
1797 3135 1922 3186 Pier.
1949 3136 2148 3196 Icelum,
2178 3138 2330 3187 invito
2351 3138 2498 3188 etiam
2521 3150 2698 3190 metro.

744 3220 927 3271 ‚Remum
951 3215 1157 3264 Dorvill.
1186 3232 1213 3261 a
1238 3230 1302 3261 m.
1323 3215 1434 3270 sec„
1465 3212 1618 3276 fitque
1641 3214 1823 3262 dudum
1846 3213 1942 3278 ipse
1965 3214 2131 3262 malui.
2200 3216 2342 3264 Nunc
2365 3215 2524 3273 video,
2551 3215 2702 3264 etim

747 3297 827 3360 Jo.
866 3293 1180 3341 Schraderum
1221 3291 1285 3338 ita
1326 3289 1587 3352 conjeciss'e.
1651 3290 1782 3338 Nam
1825 3291 1905 3354 agi
1945 3291 2152 3339 arbitror
2187 3292 2247 3340 de
2292 3308 2389 3340 uno
2427 3292 2704 3341 Rhamnete

743 3383 860 3433 rege
884 3378 932 3416 et
954 3382 1149 3431 augure.
1215 3368 1357 3430 Juxta
1386 3365 1514 3414 hunc
1536 3378 1633 3414 tres
1673 3365 1860 3424 famuli,
1894 3367 2121 3431 armiger,
2157 3368 2341 3432 auriga,
2375 3369 2573 3417 tandem
2603 3369 2703 3433 ipse

743 3445 1011 3500 Rhamnes,
1045 3442 1257 3490 interimi
1279 3442 1518 3490 videntur.
1649 3455 1763 3503 331.
1799 3446 2002 3492 Nnc-'ius
2027 3443 2227 3493 Mentel.
2254 3461 2327 3508 pr.
2375 3449 2528 3494 Natus
2571 3447 2704 3494 Dot-
