3475 6234
591 871 679 948 An
721 868 1001 946 LIBRUM
1040 870 1128 945 xii.
1174 922 1177 929 .
1223 922 1229 929 .
1282 894 1352 972 727

376 1059 437 1122 deii
462 1064 586 1126 debebat.
626 1067 687 1142 Jam
713 1079 801 1123 autem
824 1061 1007 1140 interpositum
1031 1063 1068 1121 esi
1094 1084 1178 1124 unum
1201 1068 1352 1134 oraculum,
1399 1093 1402 1101 ·

378 1167 436 1224 quo
456 1155 596 1223 maturius,
618 1174 699 1231 quam
722 1172 770 1231 put
790 1166 859 1215 erat,
885 1148 1013 1224 'stojanis
1032 1151 1066 1206 de
1086 1149 1147 1209 sede
1166 1174 1245 1221 nova,
1265 1152 1354 1230 qualia

380 1233 427 1294 illa
447 1241 536 1299 sutura
557 1245 629 1310 esset,
649 1244 767 1302 constare
786 1239 892 1306 debuit,
915 1238 1023 1296 Creusae
1035 1238 1143 1316 inquam
1157 1243 1290 1301 monitum
1304 1239 1355 1299 sui)

379 1322 467 1401 ipsum
480 1331 620 1389 discessum
642 1351 675 1388 ex
700 1331 786 1406 'stoja
803 1330 852 1387 lib.
867 1327 907 1394 ΙΙ,
929 1330 994 1404 780.
1016 1332 1082 1404 781.
1104 1335 1169 1407 782.
1192 1338 1259 1406 783,
1277 1327 1353 1407 quod

342 1482 348 1495 ·
378 1415 425 1472 etfi
441 1434 570 1494 quantum
584 1420 663 1476 licuit
686 1417 840 1475 excusatum
854 1415 918 1472 dedi
934 1415 1003 1474 Exc.
1020 1415 1078 1472 XV
1092 1420 1125 1474 ad
1140 1420 1188 1476 lib.
1203 1420 1231 1479 ΙΙ
1242 1435 1271 1477 et
1284 1419 1353 1479 Dis·

378 1505 451 1582 quis.
466 1507 506 1572 Il,
523 1528 549 1584 p.
565 1505 736 1564 LXXXVI.
759 1502 946 1570 LXXXVII,
968 1503 1060 1561 malim
1074 1520 1162 1562 tamen
1177 1507 1244 1565 iliud
1265 1508 1354 1566 subia-

377 1609 453 1650 tum:
467 1614 500 1650 eo
508 1595 579 1651 enim
589 1615 679 1652 ornnes
688 1595 798 1670 reliqua
808 1591 923 1648 tationes
932 1590 1083 1659 turbantur,
1091 1595 1195 1668 quoties
1202 1596 1354 1653 accuratius

378 1679 408 1735 in
422 1680 476 1738 haec
490 1683 616 1759 inquitas.
656 1683 723 1736 Sane
745 1679 881 1754 Hesperiae
905 1696 1002 1733 nomen
1017 1680 1083 1735 bene
1095 1683 1272 1740 conveniebat
1283 1684 1353 1741 vati·

377 1769 471 1838 ciniis,
493 1771 599 1846 quando
618 1766 794 1825 occidentalis
815 1764 891 1840 regio
912 1763 1120 1838 significabatur,
1143 1787 1203 1844 (11¹ae
1214 1769 1261 1826 iila
1275 1785 1353 1828 aetflte

379 1855 451 1912 inter
477 1858 626 1934 incognitus
648 1873 732 1911 terras
751 1851 931 1910 habebatura
954 1850 1069 1906 Grauis.
1108 1852 1246 1912 Husienua
1264 1856 1350 1914 bene:

378 1947 427 2001 Aa
435 1962 527 2003 terram
542 1949 605 2022 Haesp
620 1960 683 2001 riam
695 1952 795 2010 venien
816 1953 843 1995 et
856 1936 1005 1994 condonari
1028 1954 1142 2015 poterat,
1160 1941 1178 1997 st
1192 1963 1353 2022 quacunque

378 2031 406 2089 in
431 2047 498 2089 tetra
520 2035 552 2090 ad
575 2035 743 2089 occinentem
768 2031 815 2086 sita
837 2027 909 2083 sedes
929 2026 1009 2102 sigere
1021 2027 1154 2087 volebant.
1195 2031 1284 2089 Modo
1299 2038 1352 2095 Ti.

377 2119 448 2178 berit
462 2122 618 2177 memoratio
639 2121 711 2175 nulia
735 2117 803 2174 satta
817 2114 893 2172 essct!
931 2114 972 2169 Ita
996 2118 1063 2170 tesie
1082 2135 1143 2172 mox
1167 2116 1194 2173 in
1214 2119 1295 2177 Creta
1316 2124 1353 2183 de
1409 2116 1419 2134 ⁶

377 2209 512 2285 Hesperia
532 2208 695 2266 manifestius
720 2205 852 2263 destasia
874 2201 931 2257 sieri
953 2219 1074 2278 pnterat:
1096 2203 1150 2273 ΙΙΙ,
1174 2207 1224 2280 163
1249 2209 1287 2286 sq.
1308 2211 1352 2279 Est

375 2296 450 2362 locut,
477 2300 619 2374 Hesperiam
646 2299 723 2351 Grati
746 2301 881 2371 cognomine
910 2293 1011 2347 dicunt:
1044 2292 1145 2349 (Enotri
1163 2294 1254 2353 coluere
1278 2309 1350 2374 viri3

375 2402 404 2443 et
417 2407 478 2445 cum
491 2388 525 2443 de
545 2386 677 2444 exteriore
701 2383 778 2438 ltalia
801 2384 851 2438 hoc
878 2380 964 2456 accipi
986 2383 1079 2457 posset,
1101 2402 1163 2440 mox
1181 2385 1214 2441 ad
1238 2387 1352 2448 interio.

376 2495 433 2533 rem
457 2476 562 2537 Italiam
577 2475 681 2532 avocati
695 2473 755 2530 sunt
778 2471 812 2529 ab
834 2470 941 2527 Heleno
953 2470 1007 2538 ΙΙΙ,
1022 2477 1071 2544 381
1090 2473 1129 2549 sq.
1144 2472 1201 2532 vid.
1225 2469 1351 2556 Disquis

376 2563 418 2634 ΙΙ,
438 2566 458 2624 Ι.
479 2571 507 2623 ὁ.

415 2653 527 2711 Ascanii
546 2672 645 2711 nomen
667 2667 692 2709 et
715 2651 818 2728 profuit
838 2655 925 2728 podtae
944 2650 1088 2726 plurimum
1103 2664 1129 2706 tt
1149 2654 1247 2714 obfuit.
1289 2658 1348 2718 Pal.

374 2742 449 2820 pauit
462 2740 522 2798 sane
540 2742 657 2818 Augusto
669 2757 694 2795 tt
711 2739 856 2806 Romanis;
878 2753 903 2793 ct
926 2738 1030 2812 Juliunt
1053 2739 1121 2794 sidus
1142 2760 1240 2800 novum
1262 2746 1348 2822 splen·

374 2830 468 2886 dorem
491 2829 583 2885 afferre
604 2827 716 2884 carmini
739 2828 841 2885 debuit.
883 2824 983 2882 Verum
1006 2827 1063 2882 sunt
1084 2827 1148 2891 alia.
1169 2832 1266 2906 quibus
1280 2852 1349 2895 tam.

374 2936 456 2992 quant
481 2917 597 2993 scopulis
620 2923 708 2992 poitae
733 2914 873 2991 ingenium
898 2934 989 2992 parum
1015 2931 1122 2971 cautum
1146 2919 1282 2997 impegisse
1305 2924 1348 2980 vi.

374 3005 434 3062 deti
459 3007 552 3081 potest.
600 3004 632 3059 In
656 3005 755 3077 majore
781 3001 869 3078 operis
895 3018 968 3078 parte
993 3002 1121 3059 Ascanius
1145 3007 1180 3062 est
1202 3028 1267 3083 puer
1288 3011 1345 3085 jam

374 3091 437 3151 satis
457 3094 576 3160 adultus,
601 3089 725 3167 inprimis
745 3090 773 3145 in
797 3091 861 3147 ludo
885 3093 977 3164 Trojae
999 3092 1047 3149 lib.
1067 3092 1106 3161 V,
1129 3116 1181 3173 545
1202 3096 1258 3176 sqq,
1284 3099 1346 3176 (ubi

374 3197 462 3241 tamen
484 3183 627 3259 prudenter
643 3179 762 3254 impubem
783 3179 868 3236 lulum
890 3180 987 3252 dixit),
1008 3196 1063 3236 tum
1086 3180 1113 3236 in
1138 3186 1266 3257 pitumisiia
1289 3189 1344 3246 Ni·

372 3271 402 3329 so
414 3271 483 3327 datis
497 3271 552 3336 IX,
577 3276 630 3346 258
646 3269 659 3323 s
667 3290 700 3343 ¹q.
723 3283 749 3322 et
767 3267 807 3323 in·
818 3289 907 3345 pugna
927 3270 1043 3326 castrensi
1070 3270 1124 3337 lx,
1144 3273 1198 3332 622
1219 3275 1276 3354 sqq.
1302 3279 1343 3350 X,
1367 3346 1372 3354 Ι

376 3379 439 3435 132.
480 3359 568 3416 Etiam
582 3360 661 3434 hujus
680 3357 741 3414 anni
754 3358 846 3426 initio,
860 3380 921 3417 cum
934 3360 962 3415 in
980 3360 1020 3415 ΑΙ
1020 3360 1074 3417 rica
1094 3382 1201 3438 agerent
1216 3367 1343 3444 Trojani,

370 3450 513 3525 edudiiqtte
535 3448 614 3505 essent
636 3449 664 3504 in
688 3446 866 3513 venationem,
889 3451 925 3505 At
940 3466 1003 3523 puer
1016 3452 1268 3526 ulscaniusmediisin
1279 3458 1343 3516 val-

372 3537 436 3596 libus
449 3549 504 3594 ucri
516 3539 746 3613 Gaudetequottc.
768 3536 816 3594 lib.
839 3536 895 3602 IV,
920 3539 972 3613 ¹5⁶
993 3537 1042 3613 sq„
1064 3556 1091 3594 et
1112 3541 1216 3599 escensu
1239 3545 1267 3602 in
1288 3548 1342 3606 La-

373 3625 441 3682 tium
467 3623 555 3680 fasso:
584 3625 682 3700 Infidis
707 3629 823 3700 cursuque
844 3631 920 3700 fiunt
946 3625 1063 3702 agitabat
1089 3628 1158 3684 susus
1183 3628 1251 3699 Vll,
1275 3655 1341 3714 479,

371 3710 433 3786 Jam
447 3711 465 3769 fi
479 3732 561 3769 annos
573 3726 721 3788 computes,
742 3708 812 3766 haud
828 3712 942 3768 muitum
965 3716 1021 3787 ejus
1035 3731 1095 3770 aetas
1106 3735 1122 3771 a
1135 3715 1271 3792 pubertate
1284 3742 1341 3784 tum

372 3801 457 3858 abesse
476 3800 580 3876 potuit:
601 3804 703 3857 exierat
717 3799 762 3856 iiie
776 3817 836 3856 ante
850 3801 947 3877 septem
968 3821 1049 3859 annos
1072 3803 1136 3859 urbe
1156 3805 1241 3881 'stoja
1261 3814 1343 3886 patrie

372 3909 452 3947 manu
465 3890 559 3946 dusius
567 3913 576 3958 ς
597 3889 639 3945 sac
652 3908 711 3945 eum
736 3888 874 3945 sexennem
900 3890 939 3944 uel
963 3889 1112 3965 septennem
1134 3891 1200 3968 fingi
1215 3897 1270 3971 jam
1284 3917 1341 3960 rum

374 3995 466 4036 natum
480 3997 540 4034 cum
556 3978 623 4053 putri
636 3997 724 4033 comes
735 3978 826 4035 fieret:
848 3978 866 4034 fi
881 3979 989 4054 quidem
1002 3982 1100 4035 dextra·
1110 3984 1140 4053 se
1155 3997 1257 4055 pannus
1269 3988 1343 4047 Iulus

371 4066 497 4142 Inplicuit
510 4070 666 4141 siquiturquc
687 4082 783 4146 parturn
809 4091 856 4124 uon
878 4065 986 4142 pafflhus
1008 4077 1103 4141 «aquius
1136 4066 1175 4135 ΙΙ,
1197 4091 1261 4146 7²3·
1303 4077 1342 4136 At

370 4157 460 4234 primo
487 4152 558 4221 iilius
584 4150 611 4205 in
636 4151 725 4208 lucum
748 4152 858 4228 Cupido
884 4151 1013 4218 succedit,
1033 4155 1080 4229 qui
1111 4169 1199 4213 tamen
1224 4159 1342 4221 Didonis

368 4244 475 4320 gremio
497 4238 610 4296 inlidet:
633 4238 681 4296 tib.
701 4239 726 4308 Ι,
749 4246 816 4315 718,
843 4256 900 4297 tum
920 4256 1090 4317 comparatur
1109 4242 1154 4300 iile
1172 4244 1207 4300 ab
1230 4249 1340 4309 Andro·

370 4331 464 4389 maeste
477 4348 537 4384 cum
554 4328 709 4401 Astyanaste
723 4325 778 4394 ΙΙΙ,
798 4331 855 4404 481)
869 4327 908 4402 sq.
947 4327 1105 4397 Videamus,
1128 4351 1160 4387 an
1175 4337 1341 4411 reprehensio

369 4421 418 4479 illa
435 4421 503 4492 jutia
525 4419 564 4476 fit.
607 4416 683 4475 Prius
708 4417 777 4475 illud
802 4419 979 4476 detentionem
1007 4420 1087 4477 habet
1111 4439 1244 4499 paratam:
1277 4450 1339 4491 nam

369 4509 481 4589 Cupido
494 4508 624 4575 veteribus
643 4527 709 4587 puer
730 4509 766 4567 eti
784 4509 820 4565 ad
839 4508 987 4586 pubertatis
1008 4529 1091 4570 annos
1113 4531 1239 4593 tergente
1251 4533 1339 4587 atate,

1312 4624 1341 4670 ut
