3475 6234
227 569 236 871 Ι
294 868 296 873 .
318 844 325 861 ⁶
676 854 679 863 ¹

1118 886 1123 893 ι

824 947 827 959 1

719 1055 729 1081 b

540 1224 843 1316 AENElDOS,
883 1223 996 1301 LIB.
1038 1226 1088 1302 X.
1235 1252 1306 1331 397

330 1420 381 1492 At
396 1421 491 1518 legio
509 1421 708 1496 AEneadum
724 1418 825 1494 vallis
841 1422 973 1496 oblella
989 1443 1152 1497 tenetur:
1241 1446 1310 1498 sao

331 1555 408 1628 Nee
423 1556 500 1652 spes
516 1559 588 1629 ulla
605 1558 711 1654 fugae.
765 1556 891 1630 Miseri
906 1558 995 1630 stant
1012 1559 1165 1632 turribus
1181 1558 1261 1630 altis

329 1686 595 1783 Nequidquam,
613 1706 647 1758 et
663 1712 738 1758 rara
754 1712 873 1760 muros
890 1690 1032 1764 cinxere
1049 1714 1197 1763 corona:

332 1823 433 1896 Asius
447 1821 669 1908 Imbrasides,
693 1822 994 1920 Hicetaoniusque
1011 1826 1236 1920 Thymoetes,

331 1961 556 2055 Assaracique
569 1960 652 2044 duo,
668 1979 703 2031 et
718 1959 832 2031 senior
846 1985 932 2034 cum
944 1963 1085 2036 Castore
1099 1965 1309 2058 Thymbria,
1395 1942 1399 1955 ⁸

332 2091 452 2164 Prima
464 2093 568 2164 acies.
606 2093 686 2163 Hos
700 2095 861 2188 germani
875 2093 1085 2188 Sarpedonis
1097 2097 1220 2184 ambo,
1241 2115 1310 2190 125-

334 2226 381 2298 Et
398 2228 523 2300 Clarus
537 2247 572 2298 et
590 2228 769 2314 Themon,
787 2227 898 2320 Lycia
914 2229 1133 2302 comitantur
1147 2229 1193 2301 ab
1209 2229 1293 2301 alta.
1387 2234 1391 2239 '

335 2359 414 2433 Fert
432 2359 554 2456 ingens
572 2377 648 2429 toto
662 2358 835 2430 connixus
848 2380 999 2452 corpore
1015 2357 1149 2448 laxum,

366 2598 422 2635 sao.
440 2588 475 2634 Ar
491 2585 574 2634 Heins.
588 2583 677 2633 etodd.
692 2598 736 2648 pro
747 2583 814 2648 vulg.
832 2585 882 2650 Ast.
918 2585 1016 2633 Zalich.
1029 2587 1073 2635 Ae.
1101 2584 1249 2652 stannisobfi
1269 2597 1309 2648 ps.
1376 2608 1380 2615 ·

335 2663 420 2711 llsmb.
433 2679 477 2727 pro
486 2681 536 2712 var.
548 2663 727 2711 leci—121.
749 2666 795 2713 Nee
804 2663 828 2730 s.
838 2683 860 2711 u.
867 2665 938 2728 fuge
949 2664 1025 2730 miseris
1040 2665 1121 2726 Sprot.
1135 2664 1182 2711 duo
1194 2658 1312 2711 Rottend.

334 2751 357 2788 et
373 2740 604 2799 Dorvill.--123.
619 2742 698 2805 Jqfiur
717 2756 843 2804 perperam
860 2741 952 2788 editum
972 2738 1054 2805 paffim
1065 2751 1120 2788 sure
1133 2739 1212 2787 Helui
1244 2739 1313 2802 Afits

332 2825 381 2888 jam
390 2817 483 2864 Pierius
491 2817 658 2864 emendaverat
670 2834 699 2866 es
711 2819 787 2865 Rom.
821 2816 938 2881 Reliquas
949 2815 1095 2881 corruptelas
1104 2815 1232 2864 nominum
1242 2815 1267 2863 ia
1282 2814 1310 2863 h.

335 2905 359 2938 s.
367 2892 447 2940 videat
456 2892 497 2954 qui
507 2891 569 2938 volet
582 2891 645 2954 apud
657 2895 751 2950 Burm,
761 2892 786 2939 in
799 2892 866 2956 enjus
877 2892 935 2939 edit.
945 2892 1029 2941 vitiose
1038 2903 1161 2939 exaratum
1168 2890 1313 2941 Thimoetes.

336 2967 374 3016 llll
385 2968 450 3017 enim
463 2969 703 3027 &vualane—124.
722 2969 754 3015 A.
768 2968 838 3016 donus
849 2969 891 3016 duo
901 2983 922 3016 er
939 2969 984 3016 Ed.
1000 2982 1037 3032 pe.
1048 2983 1086 3031 ap.
1098 2969 1181 3016 Burm.
1199 2984 1228 3017 es
1236 2968 1278 3018 lib.
1291 2970 1313 3030 l,

335 3043 390 3101 284.
417 3047 519 3109 Thybris,
531 3057 554 3092 et
562 3055 617 3091 ante
629 3043 713 3091 Heinl'.
725 3044 811 3108 libris,
818 3056 958 3109 corruptum
969 3044 1086 3092 arbitror:
1107 3044 1311 3110 Qomodoenin

335 3119 358 3166 T
359 3121 453 3183 rojanus
468 3121 505 3167 vir
518 3126 598 3184 poftae
611 3135 624 3165 a
638 3119 724 3167 Tiberi
736 3120 885 3168 denominari
903 3121 1029 3169 commode
1039 3117 1119 3185 'potuit
1131 3119 1140 3168 l
1167 3122 1312 3185 Legendusss

334 3198 456 3265 Thymbras,
467 3198 531 3260 quod
543 3208 566 3245 et
576 3199 646 3245 Rom.
661 3197 732 3244 babet
744 3212 751 3245 a
769 3213 845 3260 eoque
855 3197 965 3247 alludunt
976 3197 1016 3245 alii
1029 3214 1068 3260 ap.
1085 3200 1177 3253 Burm„
1189 3197 1313 3262 inquibus

335 3275 450 3329 ‘sbinbr'n
461 3274 563 3325 Tunlris,
576 3273 682 3319 ‘Thinbris
693 3272 791 3336 legitur.
826 3273 881 3320 Fuit
889 3284 969 3321 autem
980 3273 1107 3334 Thymbra
1118 3273 1174 3321 urba
1185 3274 1313 3334 etfluvius,

335 3350 372 3398 hie
384 3352 457 3398 etiam
467 3348 608 3412 Thymbria,
615 3350 726 3406 Troadis,
744 3350 794 3399 vid.
819 3349 887 3397 iliad.
908 3372 932 3409 ιι,
949 3365 1006 3412 430,
1021 3349 1101 3413 ibique
1114 3351 1232 3409 Eustath,
1247 3353 1311 3400 unde

335 3427 496 3490 'lbymbraeus
514 3425 609 3490 Apollo.
625 3425 655 3473 cl.
677 3430 721 3475 Ge.
741 3429 783 3484 lv,
799 3441 846 3487 323
859 3440 883 3475 ct
896 3430 1076 3488 Note—125.
1093 3431 1169 3476 Prinas
1179 3433 1224 3477 acie
1240 3430 1312 3479 naalit

335 3502 461 3569 Trappius,
476 3501 574 3565 vulgare
586 3502 707 3565 amplexus
718 3519 761 3566 pro
770 3503 928 3566 exquilitior'e.
963 3505 1029 3552 Tum
1039 3521 1076 3569 ap.
1093 3508 1159 3552 Serv.
1184 3506 1309 3570 interpun-

336 3581 400 3643 gitur
411 3580 441 3627 ab
450 3579 509 3636 aliis,
526 3579 590 3641 quod
602 3580 647 3639 Ge.
661 3579 753 3627 Fabric.
766 3580 869 3628 malebat
882 3598 887 3627 :
906 3584 941 3629 has
949 3586 1046 3646 germani
1053 3582 1179 3647 Sarpedonis
1189 3583 1255 3639 mbr,
1265 3584 1315 3645 (sc.

338 3657 400 3723 lilii),
415 3662 448 3707 Er
457 3657 667 3707 transf-126.
686 3661 719 3705 Et
730 3659 806 3706 Clarus
815 3674 836 3705 er
848 3661 944 3707 Haenrsn.
978 3661 1057 3707 Locus
1068 3658 1190 3709 nunileste
1200 3659 1311 3724 inquina-

337 3745 374 3782 tus
384 3748 407 3782 et
421 3737 445 3782 in
453 3734 518 3797 leges
526 3733 636 3780 metricae
644 3749 752 3796 peccans,
766 3735 799 3780 ait
812 3734 928 3782 Heinsius.
961 3735 999 3782 Sic
1010 3745 1091 3783 tamen
1104 3737 1177 3782 Rom.
1193 3751 1249 3784 eum
1260 3737 1313 3786 aliis

337 3812 399 3859 l'ier.
413 3823 438 3858 et
450 3811 572 3857 Medieeus
581 3825 636 3856 eum
648 3809 700 3856 aliis
712 3810 806 3867 Heius„
817 3821 844 3858 ut
856 3824 925 3858 setus
935 3812 994 3859 adeo
1005 3812 1139 3876 corruptela
1150 3812 1188 3860 bic
1200 3813 1311 3862 inlideats

337 3887 464 3951 scripturus
481 3887 546 3932 enim
564 3884 641 3932 luillet
662 3893 753 3948 poeta:
771 3900 836 3951 arque
855 3891 952 3936 Haenos.
988 3887 1099 3936 Heinsius
1116 3901 1192 3936 tentat
1210 3891 1274 3938 varie
1292 3907 1313 3941 es

340 3965 425 4012 Cnenan
448 3974 472 4010 et
490 3964 566 4010 Maeon
586 3974 609 4007 et
630 3964 743 4019 Mennon;
760 3962 799 4008 sed
816 3963 872 4010 talia
884 3962 978 4010 infinita
987 3962 1054 4024 polilt
1066 3963 1313 4024 aliquiscomminisci.

337 4044 367 4089 Er
376 4043 452 4089 Clarus
465 4055 485 4086 er
494 4043 572 4086 lienus
586 4040 631 4084 Ge.
643 4038 732 4085 Fabrie.
745 4039 838 4101 probat,
847 4053 874 4087 ut
884 4040 910 4088 stt
923 4042 1007 4095 Clarus,
1018 4050 1044 4086 ut
1058 4039 1178 4095 l‘autlsus;
1195 4040 1233 4086 sed
1244 4043 1311 4102 ’Ἐμς

336 4117 496 4167 sixoccurrit.
531 4119 563 4163 Er
583 4119 659 4164 Daras
682 4116 764 4164 vitiose
782 4118 907 4164 nonnulli:
927 4115 1159 4164 multaectiamedd.
1193 4118 1313 4165 Etcum

339 4197 449 4249 Ethemon,
469 4192 507 4240 vel
521 4194 645 4241 AErhenon.
680 4192 788 4241 Parrhas.
808 4194 879 4241 clarus
890 4194 984 4241 Thinon.
1020 4191 1076 4237 Duo
1087 4189 1204 4238 Rottend.
1218 4203 1312 4244 etam.

336 4275 378 4322 loe.
392 4278 482 4321 Mores.
495 4282 552 4318 tert.
570 4285 589 4317 es
607 4271 716 4319 Theman.-
735 4272 829 4332 olm
846 4271 911 4334 qnod
922 4269 1043 4333 equidem,
1064 4266 1147 4330 liquid
1158 4271 1312 4333 mutandum,

336 4367 390 4400 eum
403 4350 484 4398 Heinl.
500 4349 557 4395 edit.
580 4346 729 4409 ampledlor:
751 4347 861 4412 inprimis
872 4363 926 4394 curn
939 4342 1079 4408 corruptelae
1091 4342 1167 4392 caulla
1178 4345 1203 4393 in
1214 4361 1312 4411 promtu

336 4429 372 4477 stt.
405 4429 461 4474 daca
479 4426 502 4472 in
519 4424 583 4471 Gud.
595 4439 623 4469 ex
635 4424 696 4471 sitio
707 4423 829 4472 scribentis
841 4440 885 4488 pro
901 4424 958 4478 licia,
975 4425 1053 4487 Lycia,
1073 4432 1097 4469 et
1108 4421 1173 4469 erasa
1183 4438 1229 4471 vor
1246 4436 1314 4473 ante·

336 4505 437 4553 eedem:
465 4503 528 4548 unde
549 4499 631 4546 lleins.
652 4501 750 4563 putabat
767 4500 834 4550 inille
851 4505 958 4551 erHaens
974 4502 1044 4548 Iliaca
1055 4518 1073 4547 c.
1099 4500 1189 4548 abida.
1222 4502 1315 4550 Pierius

337 4581 466 4631 nonnullus
478 4579 566 4625 babere
578 4577 677 4624 sellatur
695 4581 735 4627 Ida
754 4598 773 4627 e.
792 4582 820 4629 ab
839 4582 896 4639 alra,
919 4577 1021 4644 peffime.
1054 4575 1313 4639 Sarpedonislratrese

335 4660 410 4721 Lycia
422 4656 517 4704 oriundi
530 4653 574 4700 llll·
587 4653 700 4703 debuere·
735 4658 804 4720 Lycia
824 4659 879 4714 alra,
901 4653 986 4710 nobili,
1008 4651 1079 4706 elata,
1100 4662 1127 4696 ut
1144 4648 1201 4695 alias
1217 4666 1315 4713 quoque

337 4741 417 4798 po'etae
431 4734 476 4780 hoe
492 4731 617 4794 epitheton
634 4731 807 4795 frequentatur.
840 4738 951 4783 murras
968 4729 1022 4778 edd.
1043 4725 1101 4774 Ald.
1121 4725 1188 4788 Junt.
1221 4727 1314 4777 abacia

336 4810 410 4859 Goth.
424 4819 602 4866 terte-127.
619 4826 639 4858 e,
650 4812 734 4875 pelion
749 4825 786 4875 pr.
800 4810 891 4858 Hamb.

335 4933 417 4992 Iliad.
439 4960 473 5001 μ.
500 4953 546 5010 35.
568 4935 621 5020 3⁶·
661 4944 686 4986 er
708 4937 801 4989 nessia
849 4943 903 5062 pue
929 4924 1016 5058 iim,
1047 4917 1128 4976 alites
1154 4914 1258 4975 dietum
1283 4936 1316 4976 ac

958 4998 1000 5069 X,
1030 5000 1094 5058 160.
1134 4998 1210 5071 stant
1229 5006 1315 5073 prinu

1235 5083 1313 5141 arim

335 5004 801 5091 cingerestannis,immittesssmdi·
863 5023 908 5080 up.
