3475 6234
496 888 837 981 numos,
877 890 999 966 ΜΒ.
1033 842 1121 970 rin.
1219 858 1287 974 6⁶1

307 1087 436 1173 Fertur
450 1087 563 1185 equis',
579 1087 774 1184 rapidoque
790 1087 912 1161 volans
929 1088 1006 1163 obit
1023 1091 1145 1163 omnia
1162 1115 1288 1177 currue

308 1223 462 1320 Jamque
474 1223 533 1311 hic
549 1237 774 1318 germanum,
784 1224 933 1322 jamque
945 1224 1004 1297 hic
1017 1224 1168 1304 ostentat
1179 1249 1289 1309 ouan-

308 1329 310 1332 >
452 1375 549 1443 tcmz

306 1489 386 1564 Nec
393 1489 558 1564 conferre
565 1513 712 1564 manum
720 1488 870 1585 patitur:
889 1489 984 1562 volat
994 1493 1071 1564 avia
1081 1492 1197 1589 longe.
1214 1494 1289 1584 480

305 1622 420 1697 Haud
436 1623 552 1695 minus
569 1627 699 1695 AEneas
716 1641 826 1696 tortos
844 1624 933 1720 legit
949 1623 1075 1696 obvius
1092 1624 1198 1711 orbis,

306 1757 533 1857 vestigatque
549 1757 679 1846 virum,
704 1777 738 1830 et
754 1756 900 1858 disjecta
914 1783 980 1856 per
995 1760 1138 1856 agmina
1156 1783 1285 1857 magna

308 1897 407 1972 Voce
423 1915 539 1970 vocat.
589 1895 739 1996 Qoties
755 1896 879 1987 oculos
895 1894 1048 1995 conjecit
1065 1898 1101 1968 in
1121 1897 1271 1988 hostem,

306 2033 575 2131 Alipedumque
589 2033 711 2131 fugam
726 2032 827 2117 cursu
843 2019 994 2107 tentavit
1009 2058 1201 2133 equorum:
1268 2054 1275 2073 ‘

305 2166 457 2241 Aversor
474 2168 579 2243 toties
595 2191 715 2246 currus
733 2167 885 2259 Jutuma
902 2167 1048 2247 retorsit.
1212 2173 1280 2264 485

305 2301 406 2391 Heu,
423 2301 511 2397 quid
528 2317 623 2398 agat,
640 2301 737 2371 vario
755 2300 996 2398 nequidquam
1017 2302 1160 2375 flustuat
1173 2303 1282 2388 aestu;

304 2434 535 2541 Diversaeque
552 2440 680 2520 vocant
695 2429 857 2514 animum
873 2434 910 2507 in
926 2437 1099 2509 contraria
1114 2461 1221 2512 curae.
1270 2460 1275 2468 ·
1292 2516 1294 2522 ,

338 2669 396 2732 478.
411 2675 470 2741 rapit
479 2672 546 2722 onnia
562 2669 671 2719 Parthus,
688 2685 747 2719 am.
760 2684 797 2735 pr.
809 2680 833 2718 et
844 2669 1001 2719 alteriiamb.
1034 2670 1094 2738 cursu
1110 2670 1201 2736 aliquot
1216 2670 1282 2719 Pier.

305 2757 331 2796 et
343 2748 427 2799 Burm.
444 2764 499 2797 eum
511 2747 616 2813 ejusdem
629 2747 674 2812 Ed.
684 2760 842 2812 pr.-479.
852 2749 927 2813 Atqu
938 2749 972 2795 bic
983 2747 1066 2795 eadem
1077 2747 1122 2795 Ed.
1131 2765 1168 2812 pr.
1200 2748 1283 2814 piendi

304 2822 390 2872 eadem
402 2835 427 2872 et
438 2835 530 2881 ¹caetera
544 2834 602 2871 vett.
615 2823 669 2873 edd.
701 2818 797 2871 Primui
805 2822 898 2870 Pierius
908 2840 921 2870 e
933 2825 1006 2874 Rome
1016 2835 1084 2871 notat
1099 2826 1191 2891 alienior,
1201 2824 1284 2888 reecp-

304 2908 360 2948 tum
367 2899 398 2948 ab
407 2898 512 2958 ticinio,
523 2914 579 2946 cum
589 2897 669 2948 Goth.
681 2914 738 2955 am.
745 2898 789 2946 see.
804 2899 868 2946 Gud.
879 2909 903 2947 et
915 2900 984 2947 Leid.
997 2899 1062 2947 idem
1073 2898 1186 2948 offerrent
1197 2916 1204 2948 :
1221 2899 1283 2946 adde

305 2977 382 3029 Goth.
399 2976 561 3042 pr.--48a.
577 2987 597 3024 et
612 2975 677 3025 abest
696 2977 742 3026 Ed.
763 2991 800 3039 pr.
824 2977 909 3024 Burm.
943 2976 1136 3039 dejeHaOudart.
1156 2993 1214 3028 am.
1236 2978 1282 3028 sec.

305 3053 387 3117 sprot,
395 3051 516 3119 etiiamb.
526 3067 564 3117 pr.
577 3067 632 3100 cuna
640 3052 717 3103 Goth.
731 3067 768 3116 pr.
779 3051 833 3102 edd.
845 3063 904 3100 vett.
916 3054 987 3110 Ven,
999 3052 1073 3116 usque
1083 3054 1113 3102 ad
1122 3055 1282 3118 Egnatianum

304 3129 508 3178 mandationem.
543 3129 569 3182 iu
581 3127 629 3176 fine
648 3147 726 3194 magna
744 3129 838 3180 Medic.
859 3142 884 3176 et
895 3130 975 3177 caeteri
987 3130 1067 3177 Heius.
1087 3146 1180 3190 omnes,
1195 3132 1284 3191 Goth„

304 3219 360 3257 turn
372 3206 427 3258 edd.
439 3217 498 3266 vett.
509 3220 607 3254 omneaz
623 3217 650 3254 ut
662 3225 740 3272 magna
749 3224 801 3255 voce
814 3207 937 3270 jungatur.
970 3211 1005 3255 At
1016 3212 1101 3273 agmina
1111 3210 1174 3274 longa
1190 3210 1283 3275 primur

307 3283 402 3333 Pieriur
413 3299 441 3331 ex
453 3281 543 3346 aliquot
554 3282 719 3330 suiuuotavit:
738 3282 762 3329 in
774 3282 948 3345 quibusoamen
961 3285 1084 3330 Romanus
1091 3299 1139 3330 non
1148 3298 1213 3338 erati
1225 3285 1282 3335 hinc
1387 3321 1389 3327 -

305 3360 397 3424 recepit
409 3358 496 3424 prima,
506 3357 532 3405 ni
547 3356 627 3415 fallor,
639 3357 676 3405 ed.
689 3357 808 3406 Commel.
832 3374 845 3406 e
858 3357 943 3415 Palae..
965 3360 1020 3407 inde
1036 3359 1089 3407 edd.
1102 3359 1241 3420 Pulmtun„
1256 3374 1282 3411 et

305 3438 361 3486 hinc
369 3448 435 3486 caett.
447 3434 544 3499 vulgg„
559 3433 629 3482 inhio
641 3437 702 3482 Dan.
718 3432 846 3481 Heinfiue:
874 3435 986 3483 adversus
997 3435 1116 3493 codicum,
1131 3447 1157 3483 ut
1169 3437 1284 3498 vidimus,

303 3514 491 3563 anaoritatem:
515 3511 617 3574 ideoque
636 3526 699 3558 nune
710 3511 814 3559 aiterum
825 3511 1098 3581 utrumne—484.
1118 3513 1181 3577 fuga
1200 3516 1281 3580 cursum

303 3592 367 3656 apud
379 3588 459 3637 Srhoi.
470 3589 567 3635 Horatii
578 3589 670 3651 Cruqu·
682 3590 691 3634 1
704 3588 751 3636 od.
763 3602 803 3649 27.
835 3589 932 3637 tentabat
946 3586 1041 3635 Zulich.
1054 3603 1106 3634 am.
1119 3592 1279 3650 pr.--485.

302 3666 412 3730 Adverlor
424 3664 502 3713 Goth.
521 3675 579 3714 tert.
604 3677 629 3712 et
641 3665 732 3728 aliquot
742 3665 823 3730 scripti
835 3667 900 3729 apud
912 3667 997 3712 Burm.
1010 3678 1064 3711 cum
1077 3664 1114 3713 ed.
1135 3680 1171 3726 pr.
1190 3671 1282 3730 queritur

305 3743 403 3795 Zuiicir.
435 3752 596 3790 carrumvett.
617 3743 681 3804 apud
695 3743 771 3798 Pier..
788 3755 814 3791 ut
831 3742 883 3806 sup.
902 3758 926 3788 v.
944 3741 1000 3799 671.
1034 3740 1104 3803 ηψπ
1125 3740 1168 3787 see.
1192 3747 1281 3793 Moret.

303 3820 380 3885 meffir
390 3817 451 3866 alter
463 3816 683 3880 Menag.-486.
701 3820 825 3886 quingen
837 3819 879 3867 alii
888 3817 951 3884 apud
962 3821 1026 3868 serr.
1039 3831 1067 3862 eu
1079 3816 1164 3865 AEuere
1171 3817 1282 3880 persona.

303 3896 424 3958 -487.
441 3899 575 3954 animum,
588 3895 706 3954 Rotteudi
774 3901 777 3907 ‘

302 4070 423 4130 declarat
433 4063 518 4142 spatia
531 4063 651 4144 porticus
662 4078 690 4121 et
710 4083 768 4127 am·
815 4082 887 4130 tortos
900 4064 978 4128 orbes,
998 4061 1123 4141 obliquas
1143 4079 1169 4124 et
1188 4064 1280 4142 impli-

305 4145 480 4226 plitudinem.
533 4145 597 4201 nilis
628 4141 643 4198 l
666 4142 769 4200 uocibus
816 4142 883 4200 citas
896 4142 962 4204 vias,
974 4156 1003 4196 ut
1018 4139 1105 4197 Servii
1118 4139 1207 4198 verbis
1219 4159 1279 4202 utar

304 4242 357 4304 pro
370 4221 461 4301 pullis,
480 4225 582 4280 νεοσσοῖς
595 4164 708 4295 τςύρςζσι.
818 4220 869 4294 (cf.
882 4217 932 4275 inf.
947 4220 1033 4296 743),
1046 4235 1161 4295 pererrat
1173 4237 1204 4273 ae
1217 4237 1279 4295 per.

341 4306 407 4375 480.
440 4297 493 4357 Ner
515 4304 625 4376 conferre
648 4319 767 4366 naum
816 4313 939 4373 vagatur.
979 4297 1045 4369 482.
1065 4296 1279 4375 disjei‘taperag·

304 4396 369 4442 eum
392 4376 489 4443 AEnea‚
515 4375 553 4432 ait
574 4374 651 4431 Serv.
692 4371 769 4432 Nam
817 4384 886 4431 mina
906 4371 1035 4447 impetum
1060 4370 1159 4427 ruentis
1185 4390 1279 4432 currus

302 4453 371 4513 alios
395 4452 572 4531 persequitur.
625 4457 692 4527 481.
726 4448 768 4507 Ut
817 4450 947 4514 declarat,
972 4467 1028 4526 quo
1040 4446 1156 4524 dissipati
1177 4448 1279 4510 cedunt

302 4534 383 4611 legere
399 4533 517 4616 vestigia,
542 4549 612 4594 orat,
636 4537 707 4593 viius,
732 4526 769 4584 est
815 4527 933 4584 ordines·
972 4529 1120 4601 483.484.
1135 4523 1278 4603 Qotieee

302 4605 438 4690 persequi,
458 4613 493 4666 ire
513 4607 576 4688 legit
589 4606 618 4666 h.
632 4607 652 4666 1.
665 4603 769 4686 AEneas
816 4603 969 4688 longinquo
998 4602 1125 4662 Turnum
1158 4600 1279 4685 animad-

305 4691 311 4703 “
1162 4693 1279 4762 vertera}
