3475 6234
859 1376 912 1442 4
1417 1328 2251 1417 ‘Paffinarto

781 1558 786 1563 ’
868 1544 1228 1620 madversa
1277 1541 1504 1630 affert,
1553 1558 1623 1613 et
1658 1538 1923 1640 judicii
1954 1560 2259 1613 acumen
2313 1556 2385 1613 et
2418 1560 2591 1614 vero
2620 1540 2847 1615 etiam

871 1670 1241 1767 ingenium
1277 1665 1559 1762 poe'tica
1591 1665 1943 1762 elegantia
1958 1663 2301 1760 politum.
2408 1662 2855 1762 Conjunt‘hn

870 1816 1105 1868 autem
1159 1811 1228 1862 et
1279 1788 1510 1862 doetae
1557 1786 2162 1884 interpretationis
2216 1805 2293 1863 et
2346 1786 2605 1861 criseos
2636 1809 2855 1865 accu-

873 1936 1047 1991 ratae
1094 1940 1174 1990 ac
1232 1906 1600 2011 diligeritis
1651 1929 1913 2007 partes,
1968 1928 2050 1983 ut
2096 1911 2273 1984 effet
2321 1914 2745 2010 exemplum
2777 1915 2853 1987 in

874 2039 1176 2112 Marone
1209 2034 1688 2133 propofixum,
1731 2056 1885 2129 quo
1900 2051 2307 2120 uterentur,
2340 2032 2466 2130 qui
2501 2035 2625 2107 has
2656 2036 2859 2113 litte-

877 2191 985 2240 ras
1053 2165 1296 2261 paullo
1360 2161 1708 2237 eruditius
1776 2158 2069 2239 tratstate
2134 2161 2422 2248 velient,
2502 2158 2857 2258 nusquam

879 2289 1239 2361 videbam.

973 2413 1164 2510 Qae
1191 2434 1358 2482 cum
1377 2409 1621 2480 animo
1642 2405 2033 2496 volverem,
2064 2408 2306 2489 statim
2335 2411 2426 2482 ab
2450 2410 2662 2485 initio
2694 2410 2865 2484 fiiri·-

878 2536 1058 2610 dum
1083 2534 1232 2633 jeci
1267 2531 1873 2629 interpretationis
1908 2554 2093 2604 τηου
2122 2534 2354 2608 mutto
2402 2537 2861 2634 ampliorem,

877 2684 1099 2756 quam
1157 2681 1284 2754 pro
1332 2680 1439 2742 eo,
1490 2656 1566 2728 in
1621 2655 1818 2751 quod
1862 2674 2305 2731 conventum
2352 2677 2524 2731 erat.
2629 2660 2879 2758 quue-

878 2784 1119 2878 potius
1153 2781 1452 2877 respexi,
1487 2778 1668 2876 quid
1697 2802 1817 2851 me
1845 2781 2151 2868 deceret,
2198 2804 2420 2878 quam
2453 2782 2633 2879 quid
2665 2808 2708 2857 a
2739 2802 2863 2857 me

881 2907 1375 3002 postularetur.
1476 2903 1637 2976 Nec
1669 2928 1788 2975 me
1817 2905 2167 3001 poenituit
2215 2927 2481 3003 operae.
2581 2906 2866 3007 Exper-

882 3049 997 3104 tus
1073 3028 1266 3098 enim
1321 3026 1480 3097 sum
1575 3027 1895 3100 favorem
1979 3029 2330 3101 eximium
2388 3053 2468 3101 ac
2548 3032 2865 3105 studium

884 3152 1199 3223 virorum
1237 3151 1623 3222 doetorum
1665 3148 2038 3244 singulare,
2094 3153 2314 3227 etiam
2349 3153 2422 3223 in
2453 3153 2893 3226 condonam-

883 3277 998 3350 dis
1032 3277 1404 3362 erroribus,
1458 3298 1662 3371 quoe,
1727 3276 2064 3373 inprimis
2102 3278 2172 3347 in
2209 3278 2448 3373 priore
2482 3278 2876 3353 Volumine

885 3422 1056 3472 cum
1113 3398 1467 3479 festinatio
1519 3417 1677 3470 tum
1738 3397 2198 3470 imbecillitas
2253 3399 2875 3489 humanssgffudie
