<?xml version="1.0" encoding="UTF-8"?>
<!DOCTYPE html PUBLIC "-//W3C//DTD XHTML 1.0 Transitional//EN"
    "http://www.w3.org/TR/xhtml1/DTD/xhtml1-transitional.dtd">
<html xmlns="http://www.w3.org/1999/xhtml" xml:lang="en" lang="en">
 <head>
  <title>
</title>
<meta http-equiv="Content-Type" content="text/html;charset=utf-8" />
  <meta name='ocr-system' content='tesseract 3.04.00' />
  <meta name='ocr-capabilities' content='ocr_page ocr_carea ocr_par ocr_line ocrx_word'/>
</head>
<body>
  <div class='ocr_page' id='page_1' title='image "./operavarietatel01virggoog/operavarietatel01virggoog_0147.png"; bbox 0 0 3475 6234; ppageno 0'>
   <div class='ocr_carea' id='block_1_1' title="bbox 601 857 1371 972">
    <p class='ocr_par' dir='ltr' id='par_1_1' title="bbox 601 857 1371 972">
     <span class='ocr_line' id='line_1_1' title="bbox 601 857 1371 972; baseline 0.021 -43"><span class='ocrx_word' id='word_1_1' title='bbox 601 857 698 931; x_wconf 76' lang='lat' dir='ltr'>nn</span> <span class='ocrx_word' id='word_1_2' title='bbox 735 857 1020 935; x_wconf 73' lang='lat' dir='ltr'>cunnum</span> <span class='ocrx_word' id='word_1_3' title='bbox 1061 862 1144 938; x_wconf 85' lang='lat' dir='ltr'>vu.</span> <span class='ocrx_word' id='word_1_4' title='bbox 1301 895 1371 972; x_wconf 73' lang='lat'>13,</span> 
     </span>
    </p>
   </div>
   <div class='ocr_carea' id='block_1_2' title="bbox 371 1059 1424 4841">
    <p class='ocr_par' dir='ltr' id='par_1_2' title="bbox 381 1059 1367 1591">
     <span class='ocr_line' id='line_1_2' title="bbox 383 1059 1364 1141; baseline 0.011 -22"><span class='ocrx_word' id='word_1_5' title='bbox 383 1060 459 1130; x_wconf 67' lang='lat' dir='ltr'>ab,</span> <span class='ocrx_word' id='word_1_6' title='bbox 476 1059 654 1141; x_wconf 69' lang='lat' dir='ltr'>permisceri,</span> <span class='ocrx_word' id='word_1_7' title='bbox 667 1061 811 1139; x_wconf 82' lang='lat' dir='ltr'>mrrltoque</span> <span class='ocrx_word' id='word_1_8' title='bbox 823 1061 905 1140; x_wconf 87' lang='lat' dir='ltr'>pejus</span> <span class='ocrx_word' id='word_1_9' title='bbox 917 1082 969 1139; x_wconf 80' lang='lat' dir='ltr'>pro</span> <span class='ocrx_word' id='word_1_10' title='bbox 981 1062 1080 1124; x_wconf 75' lang='lat' dir='ltr'>iisdem</span> <span class='ocrx_word' id='word_1_11' title='bbox 1097 1067 1219 1139; x_wconf 63' lang='lat' dir='ltr'>boheria</span> <span class='ocrx_word' id='word_1_12' title='bbox 1243 1087 1273 1130; x_wconf 88' lang='lat' dir='ltr'>ut</span> <span class='ocrx_word' id='word_1_13' title='bbox 1292 1072 1364 1133; x_wconf 82' lang='lat' dir='ltr'>mibi</span> 
     </span>
     <span class='ocr_line' id='line_1_3' title="bbox 382 1150 1365 1236; baseline 0.008 -23"><span class='ocrx_word' id='word_1_14' title='bbox 382 1152 524 1213; x_wconf 55' lang='lat' dir='ltr'>wratis</span> <span class='ocrx_word' id='word_1_15' title='bbox 534 1153 647 1230; x_wconf 68' lang='lat' dir='ltr'>liquere</span> <span class='ocrx_word' id='word_1_16' title='bbox 658 1150 798 1218; x_wconf 79' lang='lat' dir='ltr'>rideatur,</span> <span class='ocrx_word' id='word_1_17' title='bbox 818 1152 917 1230; x_wconf 83' lang='lat' dir='ltr'>primae</span> <span class='ocrx_word' id='word_1_18' title='bbox 926 1153 991 1212; x_wconf 83' lang='lat' dir='ltr'>hnic</span> <span class='ocrx_word' id='word_1_19' title='bbox 1005 1156 1186 1236; x_wconf 73' lang='lat' dir='ltr'>Pelasgorum</span> <span class='ocrx_word' id='word_1_20' title='bbox 1199 1162 1323 1230; x_wconf 70' lang='lat' dir='ltr'>colonie,</span> <span class='ocrx_word' id='word_1_21' title='bbox 1342 1165 1365 1226; x_wconf 81' lang='lat' dir='ltr'>si</span> 
     </span>
     <span class='ocr_line' id='line_1_4' title="bbox 383 1241 1367 1329; baseline 0.005 -28"><span class='ocrx_word' id='word_1_22' title='bbox 383 1242 511 1304; x_wconf 69' lang='lat' dir='ltr'>nerim</span> <span class='ocrx_word' id='word_1_23' title='bbox 521 1261 642 1321; x_wconf 75' lang='lat' dir='ltr'>mquam</span> <span class='ocrx_word' id='word_1_24' title='bbox 657 1241 805 1308; x_wconf 83' lang='lat' dir='ltr'>fuit,niluil</span> <span class='ocrx_word' id='word_1_25' title='bbox 819 1244 903 1321; x_wconf 78' lang='lat' dir='ltr'>plane</span> <span class='ocrx_word' id='word_1_26' title='bbox 919 1264 984 1303; x_wconf 84' lang='lat' dir='ltr'>cum</span> <span class='ocrx_word' id='word_1_27' title='bbox 1002 1246 1205 1329; x_wconf 69' lang='lat' dir='ltr'>Aboriginibus</span> <span class='ocrx_word' id='word_1_28' title='bbox 1221 1254 1273 1311; x_wconf 82' lang='lat' dir='ltr'>effe</span> <span class='ocrx_word' id='word_1_29' title='bbox 1285 1274 1367 1314; x_wconf 87' lang='lat' dir='ltr'>com.</span> 
     </span>
     <span class='ocr_line' id='line_1_5' title="bbox 383 1330 1364 1415; baseline 0.011 -21"><span class='ocrx_word' id='word_1_30' title='bbox 383 1352 478 1402; x_wconf 74' lang='lat' dir='ltr'>rme,</span> <span class='ocrx_word' id='word_1_31' title='bbox 498 1353 549 1394; x_wconf 82' lang='lat' dir='ltr'>nee</span> <span class='ocrx_word' id='word_1_32' title='bbox 568 1330 723 1413; x_wconf 58' lang='lat' dir='ltr'>qicquam</span> <span class='ocrx_word' id='word_1_33' title='bbox 743 1333 863 1411; x_wconf 76' lang='lat' dir='ltr'>mplius</span> <span class='ocrx_word' id='word_1_34' title='bbox 877 1334 967 1393; x_wconf 85' lang='lat' dir='ltr'>teneri</span> <span class='ocrx_word' id='word_1_35' title='bbox 975 1337 1065 1413; x_wconf 83' lang='lat' dir='ltr'>posse,</span> <span class='ocrx_word' id='word_1_36' title='bbox 1090 1358 1174 1415; x_wconf 88' lang='lat' dir='ltr'>quam</span> <span class='ocrx_word' id='word_1_37' title='bbox 1192 1341 1263 1400; x_wconf 88' lang='lat' dir='ltr'>hoc:</span> <span class='ocrx_word' id='word_1_38' title='bbox 1290 1347 1364 1405; x_wconf 86' lang='lat' dir='ltr'>anti-</span> 
     </span>
     <span class='ocr_line' id='line_1_6' title="bbox 382 1423 1363 1505; baseline 0.014 -21"><span class='ocrx_word' id='word_1_39' title='bbox 382 1424 516 1504; x_wconf 67' lang='lat' dir='ltr'>spifmir</span> <span class='ocrx_word' id='word_1_40' title='bbox 529 1423 771 1501; x_wconf 58' lang='lat' dir='ltr'>bomparius·</span> <span class='ocrx_word' id='word_1_41' title='bbox 782 1423 819 1482; x_wconf 80' lang='lat' dir='ltr'>cle</span> <span class='ocrx_word' id='word_1_42' title='bbox 833 1424 1012 1505; x_wconf 80' lang='lat' dir='ltr'>Pelasgorum</span> <span class='ocrx_word' id='word_1_43' title='bbox 1020 1427 1068 1486; x_wconf 91' lang='lat' dir='ltr'>sub</span> <span class='ocrx_word' id='word_1_44' title='bbox 1077 1429 1197 1489; x_wconf 83' lang='lat' dir='ltr'>OEnotro</span> <span class='ocrx_word' id='word_1_45' title='bbox 1210 1432 1319 1496; x_wconf 77' lang='lat' dir='ltr'>sedibus</span> <span class='ocrx_word' id='word_1_46' title='bbox 1332 1437 1363 1497; x_wconf 80' lang='lat' dir='ltr'>iu</span> 
     </span>
     <span class='ocr_line' id='line_1_7' title="bbox 381 1512 1191 1591; baseline 0.004 -18"><span class='ocrx_word' id='word_1_47' title='bbox 381 1513 517 1575; x_wconf 68' lang='lat' dir='ltr'>idaim</span> <span class='ocrx_word' id='word_1_48' title='bbox 526 1513 610 1573; x_wconf 78' lang='lat' dir='ltr'>ltalia</span> <span class='ocrx_word' id='word_1_49' title='bbox 618 1512 762 1591; x_wconf 71' lang='lat' dir='ltr'>oecupctis</span> <span class='ocrx_word' id='word_1_50' title='bbox 773 1512 879 1572; x_wconf 73' lang='lat' dir='ltr'>sunus</span> <span class='ocrx_word' id='word_1_51' title='bbox 892 1515 970 1573; x_wconf 72' lang='lat' dir='ltr'>fuiffe</span> <span class='ocrx_word' id='word_1_52' title='bbox 979 1515 1054 1575; x_wconf 83' lang='lat' dir='ltr'>iuter</span> <span class='ocrx_word' id='word_1_53' title='bbox 1066 1517 1191 1576; x_wconf 66' lang='lat' dir='ltr'>Gneus.</span> 
     </span>
    </p>

    <p class='ocr_par' dir='ltr' id='par_1_3' title="bbox 373 1602 1424 3944">
     <span class='ocr_line' id='line_1_8' title="bbox 419 1602 1362 1689; baseline 0.013 -28"><span class='ocrx_word' id='word_1_54' title='bbox 419 1606 520 1665; x_wconf 70' lang='lat' dir='ltr'>Altera</span> <span class='ocrx_word' id='word_1_55' title='bbox 539 1602 719 1682; x_wconf 77' lang='lat' dir='ltr'>Pebsgururu</span> <span class='ocrx_word' id='word_1_56' title='bbox 742 1603 867 1668; x_wconf 76' lang='lat' dir='ltr'>colonia,</span> <span class='ocrx_word' id='word_1_57' title='bbox 890 1603 942 1663; x_wconf 88' lang='lat' dir='ltr'>sub</span> <span class='ocrx_word' id='word_1_58' title='bbox 959 1605 1148 1666; x_wconf 84' lang='lat' dir='ltr'>Deucalionea</span> <span class='ocrx_word' id='word_1_59' title='bbox 1165 1625 1293 1689; x_wconf 82' lang='lat' dir='ltr'>tempora</span> <span class='ocrx_word' id='word_1_60' title='bbox 1311 1615 1362 1676; x_wconf 76' lang='lat' dir='ltr'>de·</span> 
     </span>
     <span class='ocr_line' id='line_1_9' title="bbox 381 1693 1359 1782; baseline 0.009 -30"><span class='ocrx_word' id='word_1_61' title='bbox 381 1693 470 1763; x_wconf 70' lang='lat' dir='ltr'>sissia,</span> <span class='ocrx_word' id='word_1_62' title='bbox 493 1695 590 1761; x_wconf 74' lang='lat' dir='ltr'>eaesi,</span> <span class='ocrx_word' id='word_1_63' title='bbox 617 1713 705 1772; x_wconf 85' lang='lat' dir='ltr'>aqua</span> <span class='ocrx_word' id='word_1_64' title='bbox 727 1693 914 1773; x_wconf 74' lang='lat' dir='ltr'>Aboriginum</span> <span class='ocrx_word' id='word_1_65' title='bbox 935 1715 1000 1754; x_wconf 86' lang='lat' dir='ltr'>cum</span> <span class='ocrx_word' id='word_1_66' title='bbox 1022 1696 1145 1775; x_wconf 88' lang='lat' dir='ltr'>Pelasgis</span> <span class='ocrx_word' id='word_1_67' title='bbox 1164 1697 1193 1758; x_wconf 86' lang='lat' dir='ltr'>in</span> <span class='ocrx_word' id='word_1_68' title='bbox 1208 1722 1292 1764; x_wconf 88' lang='lat' dir='ltr'>unum</span> <span class='ocrx_word' id='word_1_69' title='bbox 1308 1725 1359 1782; x_wconf 62' lang='lat' dir='ltr'>po</span> 
     </span>
     <span class='ocr_line' id='line_1_10' title="bbox 382 1784 1362 1865; baseline 0.009 -19"><span class='ocrx_word' id='word_1_70' title='bbox 382 1787 476 1865; x_wconf 63' lang='lat' dir='ltr'>pin</span> <span class='ocrx_word' id='word_1_71' title='bbox 492 1785 709 1845; x_wconf 70' lang='lat' dir='ltr'>coulesccnnm</span> <span class='ocrx_word' id='word_1_72' title='bbox 728 1784 810 1864; x_wconf 84' lang='lat' dir='ltr'>origo</span> <span class='ocrx_word' id='word_1_73' title='bbox 830 1785 984 1863; x_wconf 82' lang='lat' dir='ltr'>repetenda</span> <span class='ocrx_word' id='word_1_74' title='bbox 1002 1785 1123 1847; x_wconf 76' lang='lat' dir='ltr'>ridetur.</span> <span class='ocrx_word' id='word_1_75' title='bbox 1163 1788 1209 1849; x_wconf 76' lang='lat' dir='ltr'>Er</span> <span class='ocrx_word' id='word_1_76' title='bbox 1221 1791 1362 1858; x_wconf 79' lang='lat' dir='ltr'>&#39;lbeb‘alia</span> 
     </span>
     <span class='ocr_line' id='line_1_11' title="bbox 382 1873 1360 1954; baseline 0.01 -18"><span class='ocrx_word' id='word_1_77' title='bbox 382 1876 422 1936; x_wconf 59' lang='lat' dir='ltr'>i!</span> <span class='ocrx_word' id='word_1_78' title='bbox 440 1875 523 1954; x_wconf 72' lang='lat' dir='ltr'>tjefli</span> <span class='ocrx_word' id='word_1_79' title='bbox 545 1875 594 1934; x_wconf 86' lang='lat' dir='ltr'>alii</span> <span class='ocrx_word' id='word_1_80' title='bbox 617 1873 649 1934; x_wconf 85' lang='lat' dir='ltr'>iu</span> <span class='ocrx_word' id='word_1_81' title='bbox 661 1874 730 1934; x_wconf 83' lang='lat' dir='ltr'>alias</span> <span class='ocrx_word' id='word_1_82' title='bbox 749 1889 848 1941; x_wconf 74' lang='lat' dir='ltr'>tenu,</span> <span class='ocrx_word' id='word_1_83' title='bbox 869 1895 935 1954; x_wconf 84' lang='lat' dir='ltr'>pars</span> <span class='ocrx_word' id='word_1_84' title='bbox 947 1895 1000 1954; x_wconf 85' lang='lat' dir='ltr'>per</span> <span class='ocrx_word' id='word_1_85' title='bbox 1012 1876 1143 1954; x_wconf 78' lang='lat' dir='ltr'>Epirum,</span> <span class='ocrx_word' id='word_1_86' title='bbox 1161 1884 1276 1942; x_wconf 84' lang='lat' dir='ltr'>oraculo</span> <span class='ocrx_word' id='word_1_87' title='bbox 1295 1886 1360 1949; x_wconf 83' lang='lat' dir='ltr'>Do·</span> 
     </span>
     <span class='ocr_line' id='line_1_12' title="bbox 382 1963 1424 2044; baseline -0.003 -19"><span class='ocrx_word' id='word_1_88' title='bbox 382 1964 600 2043; x_wconf 67' lang='lat' dir='ltr'>mnaeeepto,</span> <span class='ocrx_word' id='word_1_89' title='bbox 613 1964 690 2044; x_wconf 82' lang='lat' dir='ltr'>quud</span> <span class='ocrx_word' id='word_1_90' title='bbox 707 1964 795 2023; x_wconf 84' lang='lat' dir='ltr'>etiam</span> <span class='ocrx_word' id='word_1_91' title='bbox 807 1965 941 2024; x_wconf 80' lang='lat' dir='ltr'>Macrob.</span> <span class='ocrx_word' id='word_1_92' title='bbox 964 1963 979 2022; x_wconf 94' lang='lat' dir='ltr'>I</span> <span class='ocrx_word' id='word_1_93' title='bbox 994 1967 1053 2025; x_wconf 86' lang='lat' dir='ltr'>Sat.</span> <span class='ocrx_word' id='word_1_94' title='bbox 1074 1987 1091 2044; x_wconf 88' lang='lat'><em>7</em></span> <span class='ocrx_word' id='word_1_95' title='bbox 1116 1967 1227 2039; x_wconf 75' lang='lat' dir='ltr'>recitat,</span> <span class='ocrx_word' id='word_1_96' title='bbox 1246 1975 1359 2039; x_wconf 67' lang='lat' dir='ltr'>lonium</span> <span class='ocrx_word' id='word_1_97' title='bbox 1419 2017 1424 2022; x_wconf 89' lang='grc'><em>,</em></span> 
     </span>
     <span class='ocr_line' id='line_1_13' title="bbox 382 2052 1360 2139; baseline 0.005 -23"><span class='ocrx_word' id='word_1_98' title='bbox 382 2055 562 2131; x_wconf 60' lang='lat' dir='ltr'>uniant,</span> <span class='ocrx_word' id='word_1_99' title='bbox 583 2071 615 2114; x_wconf 86' lang='lat' dir='ltr'>et</span> <span class='ocrx_word' id='word_1_100' title='bbox 639 2057 803 2133; x_wconf 71' lang='lat' dir='ltr'>tempeshre</span> <span class='ocrx_word' id='word_1_101' title='bbox 822 2055 919 2115; x_wconf 76' lang='lat' dir='ltr'>msati</span> <span class='ocrx_word' id='word_1_102' title='bbox 931 2052 1078 2115; x_wconf 73' lang='lat' dir='ltr'>adonium</span> <span class='ocrx_word' id='word_1_103' title='bbox 1097 2057 1166 2116; x_wconf 82' lang='lat' dir='ltr'>Padi</span> <span class='ocrx_word' id='word_1_104' title='bbox 1184 2060 1360 2139; x_wconf 73' lang='lat' dir='ltr'>Spineticum</span> 
     </span>
     <span class='ocr_line' id='line_1_14' title="bbox 380 2137 1380 2225; baseline 0.011 -19"><span class='ocrx_word' id='word_1_105' title='bbox 380 2137 570 2225; x_wconf 57' lang='lat' dir='ltr'>merome*</span> <span class='ocrx_word' id='word_1_106' title='bbox 595 2146 642 2205; x_wconf 79' lang='lat' dir='ltr'>lui</span> <span class='ocrx_word' id='word_1_107' title='bbox 655 2165 720 2225; x_wconf 83' lang='lat' dir='ltr'>pars</span> <span class='ocrx_word' id='word_1_108' title='bbox 737 2148 824 2206; x_wconf 82' lang='lat' dir='ltr'>castra</span> <span class='ocrx_word' id='word_1_109' title='bbox 842 2161 873 2205; x_wconf 89' lang='lat' dir='ltr'>et</span> <span class='ocrx_word' id='word_1_110' title='bbox 884 2145 981 2205; x_wconf 82' lang='lat' dir='ltr'>urbem</span> <span class='ocrx_word' id='word_1_111' title='bbox 993 2147 1131 2213; x_wconf 84' lang='lat' dir='ltr'>muniunt,</span> <span class='ocrx_word' id='word_1_112' title='bbox 1149 2148 1198 2209; x_wconf 81' lang='lat' dir='ltr'>alii</span> <span class='ocrx_word' id='word_1_113' title='bbox 1211 2152 1248 2210; x_wconf 88' lang='lat' dir='ltr'>ad</span> <span class='ocrx_word' id='word_1_114' title='bbox 1261 2145 1380 2217; x_wconf 42' lang='lat' dir='ltr'>interi-¹</span> 
     </span>
     <span class='ocr_line' id='line_1_15' title="bbox 380 2237 1360 2322; baseline 0.003 -25"><span class='ocrx_word' id='word_1_115' title='bbox 380 2256 428 2297; x_wconf 77' lang='lat' dir='ltr'>mc</span> <span class='ocrx_word' id='word_1_116' title='bbox 451 2252 533 2298; x_wconf 70' lang='lat' dir='ltr'>terra</span> <span class='ocrx_word' id='word_1_117' title='bbox 554 2255 689 2318; x_wconf 81' lang='lat' dir='ltr'>pergunt,</span> <span class='ocrx_word' id='word_1_118' title='bbox 721 2253 750 2297; x_wconf 89' lang='lat' dir='ltr'>et</span> <span class='ocrx_word' id='word_1_119' title='bbox 772 2237 889 2297; x_wconf 89' lang='lat' dir='ltr'>Umbris</span> <span class='ocrx_word' id='word_1_120' title='bbox 911 2237 1046 2317; x_wconf 87' lang='lat' dir='ltr'>primum,</span> <span class='ocrx_word' id='word_1_121' title='bbox 1072 2253 1130 2298; x_wconf 92' lang='lat' dir='ltr'>tum</span> <span class='ocrx_word' id='word_1_122' title='bbox 1158 2240 1360 2322; x_wconf 65' lang='lat' dir='ltr'>Aboriginibus</span> 
     </span>
     <span class='ocr_line' id='line_1_16' title="bbox 378 2325 1361 2410; baseline 0.004 -22"><span class='ocrx_word' id='word_1_123' title='bbox 378 2325 512 2398; x_wconf 65' lang='lat' dir='ltr'>Mus,</span> <span class='ocrx_word' id='word_1_124' title='bbox 542 2328 590 2388; x_wconf 80' lang='lat' dir='ltr'>ubi</span> <span class='ocrx_word' id='word_1_125' title='bbox 613 2329 650 2388; x_wconf 81' lang='lat' dir='ltr'>ad</span> <span class='ocrx_word' id='word_1_126' title='bbox 670 2329 805 2389; x_wconf 86' lang='lat' dir='ltr'>Cutiliam</span> <span class='ocrx_word' id='word_1_127' title='bbox 825 2343 957 2388; x_wconf 82' lang='lat' dir='ltr'>eventum</span> <span class='ocrx_word' id='word_1_128' title='bbox 979 2328 1082 2387; x_wconf 84' lang='lat' dir='ltr'>babere</span> <span class='ocrx_word' id='word_1_129' title='bbox 1095 2328 1193 2388; x_wconf 78' lang='lat' dir='ltr'>vident</span> <span class='ocrx_word' id='word_1_130' title='bbox 1206 2333 1286 2410; x_wconf 79' lang='lat' dir='ltr'>Joviu</span> <span class='ocrx_word' id='word_1_131' title='bbox 1298 2336 1361 2398; x_wconf 81' lang='lat' dir='ltr'>Do·</span> 
     </span>
     <span class='ocr_line' id='line_1_17' title="bbox 379 2416 1362 2504; baseline 0.001 -25"><span class='ocrx_word' id='word_1_132' title='bbox 379 2416 461 2479; x_wconf 71' lang='lat' dir='ltr'>onai</span> <span class='ocrx_word' id='word_1_133' title='bbox 473 2418 633 2498; x_wconf 72' lang='lat' dir='ltr'>responsm</span> <span class='ocrx_word' id='word_1_134' title='bbox 650 2420 729 2488; x_wconf 84' lang='lat' dir='ltr'>illud,</span> <span class='ocrx_word' id='word_1_135' title='bbox 754 2439 819 2478; x_wconf 88' lang='lat' dir='ltr'>cum</span> <span class='ocrx_word' id='word_1_136' title='bbox 839 2418 884 2477; x_wconf 84' lang='lat' dir='ltr'>ltis</span> <span class='ocrx_word' id='word_1_137' title='bbox 901 2417 991 2477; x_wconf 82' lang='lat' dir='ltr'>soedus</span> <span class='ocrx_word' id='word_1_138' title='bbox 1004 2416 1124 2485; x_wconf 86' lang='lat' dir='ltr'>faciunt,</span> <span class='ocrx_word' id='word_1_139' title='bbox 1145 2420 1263 2499; x_wconf 75' lang='lat' dir='ltr'>agrique</span> <span class='ocrx_word' id='word_1_140' title='bbox 1275 2441 1362 2504; x_wconf 74' lang='lat' dir='ltr'>parte</span> 
     </span>
     <span class='ocr_line' id='line_1_18' title="bbox 378 2508 1359 2590; baseline 0.003 -21"><span class='ocrx_word' id='word_1_141' title='bbox 378 2526 493 2590; x_wconf 66' lang='lat' dir='ltr'>ncepta</span> <span class='ocrx_word' id='word_1_142' title='bbox 502 2511 634 2570; x_wconf 77' lang='lat' dir='ltr'>adversus</span> <span class='ocrx_word' id='word_1_143' title='bbox 648 2511 756 2569; x_wconf 84' lang='lat' dir='ltr'>Siculos</span> <span class='ocrx_word' id='word_1_144' title='bbox 766 2509 833 2569; x_wconf 91' lang='lat' dir='ltr'>belli</span> <span class='ocrx_word' id='word_1_145' title='bbox 842 2508 1003 2568; x_wconf 84' lang='lat' dir='ltr'>societatem</span> <span class='ocrx_word' id='word_1_146' title='bbox 1016 2509 1113 2568; x_wconf 86' lang='lat' dir='ltr'>ineunt</span> <span class='ocrx_word' id='word_1_147' title='bbox 1129 2509 1230 2588; x_wconf 85' lang='lat' dir='ltr'>bosque</span> <span class='ocrx_word' id='word_1_148' title='bbox 1243 2515 1359 2579; x_wconf 72' lang='lat' dir='ltr'>tandm</span> 
     </span>
     <span class='ocr_line' id='line_1_19' title="bbox 379 2596 1357 2682; baseline 0.006 -24"><span class='ocrx_word' id='word_1_149' title='bbox 379 2598 413 2658; x_wconf 82' lang='lat' dir='ltr'>ab</span> <span class='ocrx_word' id='word_1_150' title='bbox 424 2616 543 2682; x_wconf 79' lang='lat' dir='ltr'>utruque</span> <span class='ocrx_word' id='word_1_151' title='bbox 555 2601 672 2679; x_wconf 79' lang='lat' dir='ltr'>Tiberis</span> <span class='ocrx_word' id='word_1_152' title='bbox 692 2616 771 2679; x_wconf 86' lang='lat' dir='ltr'>parte</span> <span class='ocrx_word' id='word_1_153' title='bbox 784 2596 894 2659; x_wconf 71' lang='lat' dir='ltr'>sedibus</span> <span class='ocrx_word' id='word_1_154' title='bbox 906 2598 1032 2674; x_wconf 77' lang='lat' dir='ltr'>ejiciunt.</span> <span class='ocrx_word' id='word_1_155' title='bbox 1046 2620 1075 2658; x_wconf 81' lang='lat' dir='ltr'>v.</span> <span class='ocrx_word' id='word_1_156' title='bbox 1095 2599 1216 2679; x_wconf 78' lang='lat' dir='ltr'>Dionys.</span> <span class='ocrx_word' id='word_1_157' title='bbox 1228 2604 1254 2663; x_wconf 84' lang='lat'>1.</span> <span class='ocrx_word' id='word_1_158' title='bbox 1281 2612 1357 2668; x_wconf 79' lang='lat'>18-</span> 
     </span>
     <span class='ocr_line' id='line_1_20' title="bbox 378 2691 1355 2771; baseline -0.002 -18"><span class='ocrx_word' id='word_1_159' title='bbox 378 2708 426 2754; x_wconf 59' lang='grc'>21.</span> <span class='ocrx_word' id='word_1_160' title='bbox 466 2694 526 2754; x_wconf 70' lang='lat' dir='ltr'>&amp;cl</span> <span class='ocrx_word' id='word_1_161' title='bbox 534 2693 654 2771; x_wconf 74' lang='lat' dir='ltr'>Pelasgi,</span> <span class='ocrx_word' id='word_1_162' title='bbox 676 2693 713 2751; x_wconf 86' lang='lat' dir='ltr'>ab</span> <span class='ocrx_word' id='word_1_163' title='bbox 723 2691 841 2771; x_wconf 86' lang='lat' dir='ltr'>egregio</span> <span class='ocrx_word' id='word_1_164' title='bbox 858 2711 951 2750; x_wconf 86' lang='lat' dir='ltr'>rerum</span> <span class='ocrx_word' id='word_1_165' title='bbox 971 2691 1170 2771; x_wconf 84' lang='lat' dir='ltr'>hominumque</span> <span class='ocrx_word' id='word_1_166' title='bbox 1184 2698 1277 2764; x_wconf 79' lang='lat' dir='ltr'>ausin,</span> <span class='ocrx_word' id='word_1_167' title='bbox 1302 2700 1355 2760; x_wconf 85' lang='lat' dir='ltr'>ali.</span> 
     </span>
     <span class='ocr_line' id='line_1_21' title="bbox 377 2781 1357 2864; baseline 0.01 -23"><span class='ocrx_word' id='word_1_168' title='bbox 377 2783 492 2864; x_wconf 75' lang='lat' dir='ltr'>quamdo</span> <span class='ocrx_word' id='word_1_169' title='bbox 504 2786 560 2863; x_wconf 67' lang='lat' dir='ltr'>po!</span> <span class='ocrx_word' id='word_1_170' title='bbox 580 2783 666 2842; x_wconf 80' lang='lat' dir='ltr'>variis</span> <span class='ocrx_word' id='word_1_171' title='bbox 687 2782 892 2842; x_wconf 77' lang='lat' dir='ltr'>calamitatibus</span> <span class='ocrx_word' id='word_1_172' title='bbox 918 2798 948 2841; x_wconf 88' lang='lat' dir='ltr'>et</span> <span class='ocrx_word' id='word_1_173' title='bbox 969 2781 1175 2842; x_wconf 79' lang='lat' dir='ltr'>dissenfiooibus</span> <span class='ocrx_word' id='word_1_174' title='bbox 1198 2784 1357 2850; x_wconf 73' lang='lat' dir='ltr'>domesticis</span> 
     </span>
     <span class='ocr_line' id='line_1_22' title="bbox 377 2873 1356 2956; baseline 0.007 -22"><span class='ocrx_word' id='word_1_175' title='bbox 377 2874 491 2955; x_wconf 72' lang='lat' dir='ltr'>agitati,</span> <span class='ocrx_word' id='word_1_176' title='bbox 502 2875 532 2934; x_wconf 82' lang='lat' dir='ltr'>iu</span> <span class='ocrx_word' id='word_1_177' title='bbox 541 2876 629 2934; x_wconf 72' lang='lat' dir='ltr'>naias</span> <span class='ocrx_word' id='word_1_178' title='bbox 644 2893 736 2956; x_wconf 85' lang='lat' dir='ltr'>partes</span> <span class='ocrx_word' id='word_1_179' title='bbox 746 2873 857 2952; x_wconf 76' lang='lat' dir='ltr'>dispersi</span> <span class='ocrx_word' id='word_1_180' title='bbox 875 2874 947 2933; x_wconf 80' lang='lat' dir='ltr'>sunt.</span> <span class='ocrx_word' id='word_1_181' title='bbox 988 2873 1084 2941; x_wconf 84' lang='lat' dir='ltr'>Pauci,</span> <span class='ocrx_word' id='word_1_182' title='bbox 1098 2875 1147 2954; x_wconf 91' lang='lat' dir='ltr'>qui</span> <span class='ocrx_word' id='word_1_183' title='bbox 1159 2878 1356 2948; x_wconf 81' lang='lat' dir='ltr'>remanserant.</span> 
     </span>
     <span class='ocr_line' id='line_1_23' title="bbox 377 2960 1355 3045; baseline 0.007 -22"><span class='ocrx_word' id='word_1_184' title='bbox 377 2964 565 3045; x_wconf 72' lang='lat' dir='ltr'>Aboriginum</span> <span class='ocrx_word' id='word_1_185' title='bbox 576 2965 683 3024; x_wconf 86' lang='lat' dir='ltr'>nomini</span> <span class='ocrx_word' id='word_1_186' title='bbox 693 2965 770 3022; x_wconf 89' lang='lat' dir='ltr'>suum</span> <span class='ocrx_word' id='word_1_187' title='bbox 782 2963 925 3041; x_wconf 85' lang='lat' dir='ltr'>paullatim</span> <span class='ocrx_word' id='word_1_188' title='bbox 939 2960 1131 3023; x_wconf 83' lang='lat' dir='ltr'>submiserunt.</span> <span class='ocrx_word' id='word_1_189' title='bbox 1151 2985 1181 3024; x_wconf 82' lang='lat' dir='ltr'>r.</span> <span class='ocrx_word' id='word_1_190' title='bbox 1191 2966 1261 3028; x_wconf 84' lang='lat' dir='ltr'>ibid.</span> <span class='ocrx_word' id='word_1_191' title='bbox 1283 2971 1355 3032; x_wconf 83' lang='lat' dir='ltr'>ade.</span> 
     </span>
     <span class='ocr_line' id='line_1_24' title="bbox 376 3052 1357 3135; baseline 0.007 -20"><span class='ocrx_word' id='word_1_192' title='bbox 376 3074 421 3135; x_wconf 79' lang='lat'>³0·</span> <span class='ocrx_word' id='word_1_193' title='bbox 463 3054 642 3115; x_wconf 75' lang='lat' dir='ltr'>Acoerermt</span> <span class='ocrx_word' id='word_1_194' title='bbox 665 3073 732 3112; x_wconf 86' lang='lat' dir='ltr'>mox</span> <span class='ocrx_word' id='word_1_195' title='bbox 755 3053 863 3132; x_wconf 83' lang='lat' dir='ltr'>Pelasgi</span> <span class='ocrx_word' id='word_1_196' title='bbox 882 3073 919 3111; x_wconf 82' lang='lat' dir='ltr'>ex</span> <span class='ocrx_word' id='word_1_197' title='bbox 942 3052 1066 3112; x_wconf 86' lang='lat' dir='ltr'>Arcadia</span> <span class='ocrx_word' id='word_1_198' title='bbox 1082 3053 1131 3113; x_wconf 91' lang='lat' dir='ltr'>sub</span> <span class='ocrx_word' id='word_1_199' title='bbox 1155 3056 1299 3128; x_wconf 79' lang='lat' dir='ltr'>Evandro,</span> <span class='ocrx_word' id='word_1_200' title='bbox 1318 3062 1357 3123; x_wconf 88' lang='lat' dir='ltr'>cle</span> 
     </span>
     <span class='ocr_line' id='line_1_25' title="bbox 374 3139 1354 3231; baseline 0.006 -25"><span class='ocrx_word' id='word_1_201' title='bbox 374 3146 471 3225; x_wconf 85' lang='lat' dir='ltr'>quibus</span> <span class='ocrx_word' id='word_1_202' title='bbox 484 3145 543 3204; x_wconf 90' lang='lat' dir='ltr'>alio</span> <span class='ocrx_word' id='word_1_203' title='bbox 559 3146 625 3203; x_wconf 89' lang='lat' dir='ltr'>loco</span> <span class='ocrx_word' id='word_1_204' title='bbox 639 3143 815 3210; x_wconf 87' lang='lat' dir='ltr'>videbimus;</span> <span class='ocrx_word' id='word_1_205' title='bbox 849 3159 910 3200; x_wconf 88' lang='lat' dir='ltr'>tum</span> <span class='ocrx_word' id='word_1_206' title='bbox 923 3139 1019 3200; x_wconf 82' lang='lat' dir='ltr'>Graeci</span> <span class='ocrx_word' id='word_1_207' title='bbox 1029 3162 1093 3200; x_wconf 87' lang='lat' dir='ltr'>cum</span> <span class='ocrx_word' id='word_1_208' title='bbox 1113 3145 1229 3206; x_wconf 86' lang='lat' dir='ltr'>Herculi</span> <span class='ocrx_word' id='word_1_209' title='bbox 1240 3150 1354 3231; x_wconf 85' lang='lat' dir='ltr'>aliique.</span> 
     </span>
     <span class='ocr_line' id='line_1_26' title="bbox 373 3232 1353 3313; baseline -0.004 -16"><span class='ocrx_word' id='word_1_210' title='bbox 373 3236 505 3297; x_wconf 82' lang='lat' dir='ltr'>Dubitari</span> <span class='ocrx_word' id='word_1_211' title='bbox 526 3234 622 3313; x_wconf 85' lang='lat' dir='ltr'>itaque</span> <span class='ocrx_word' id='word_1_212' title='bbox 640 3255 696 3293; x_wconf 87' lang='lat' dir='ltr'>non</span> <span class='ocrx_word' id='word_1_213' title='bbox 708 3236 806 3313; x_wconf 72' lang='lat' dir='ltr'>potest,</span> <span class='ocrx_word' id='word_1_214' title='bbox 830 3233 861 3291; x_wconf 91' lang='lat' dir='ltr'>in</span> <span class='ocrx_word' id='word_1_215' title='bbox 875 3232 967 3291; x_wconf 85' lang='lat' dir='ltr'>media</span> <span class='ocrx_word' id='word_1_216' title='bbox 977 3234 1030 3292; x_wconf 86' lang='lat' dir='ltr'>bac</span> <span class='ocrx_word' id='word_1_217' title='bbox 1041 3234 1123 3293; x_wconf 87' lang='lat' dir='ltr'>ltalia</span> <span class='ocrx_word' id='word_1_218' title='bbox 1148 3238 1227 3311; x_wconf 86' lang='lat' dir='ltr'>(nam</span> <span class='ocrx_word' id='word_1_219' title='bbox 1250 3240 1286 3299; x_wconf 87' lang='lat' dir='ltr'>de</span> <span class='ocrx_word' id='word_1_220' title='bbox 1303 3264 1353 3303; x_wconf 83' lang='lat' dir='ltr'>ex.</span> 
     </span>
     <span class='ocr_line' id='line_1_27' title="bbox 374 3321 1354 3411; baseline -0.002 -24"><span class='ocrx_word' id='word_1_221' title='bbox 374 3340 458 3386; x_wconf 80' lang='lat' dir='ltr'>trema</span> <span class='ocrx_word' id='word_1_222' title='bbox 480 3326 565 3386; x_wconf 89' lang='lat' dir='ltr'>ltalia</span> <span class='ocrx_word' id='word_1_223' title='bbox 585 3325 702 3384; x_wconf 85' lang='lat' dir='ltr'>coloniis</span> <span class='ocrx_word' id='word_1_224' title='bbox 723 3324 889 3381; x_wconf 83' lang='lat' dir='ltr'>Graecorum</span> <span class='ocrx_word' id='word_1_225' title='bbox 912 3321 997 3380; x_wconf 79' lang='lat' dir='ltr'>variis</span> <span class='ocrx_word' id='word_1_226' title='bbox 1023 3323 1194 3401; x_wconf 76' lang='lat' dir='ltr'>temporibus</span> <span class='ocrx_word' id='word_1_227' title='bbox 1217 3348 1354 3411; x_wconf 70' lang='lat' dir='ltr'>occupata</span> 
     </span>
     <span class='ocr_line' id='line_1_28' title="bbox 373 3411 1353 3500; baseline 0.004 -25"><span class='ocrx_word' id='word_1_228' title='bbox 373 3432 423 3474; x_wconf 78' lang='lat' dir='ltr'>mn</span> <span class='ocrx_word' id='word_1_229' title='bbox 437 3415 564 3496; x_wconf 86' lang='lat' dir='ltr'>agimus)</span> <span class='ocrx_word' id='word_1_230' title='bbox 583 3433 715 3493; x_wconf 81' lang='lat' dir='ltr'>magnam</span> <span class='ocrx_word' id='word_1_231' title='bbox 731 3411 920 3491; x_wconf 81' lang='lat' dir='ltr'>Aboriginum</span> <span class='ocrx_word' id='word_1_232' title='bbox 932 3428 1039 3488; x_wconf 86' lang='lat' dir='ltr'>partem</span> <span class='ocrx_word' id='word_1_233' title='bbox 1051 3414 1088 3472; x_wconf 90' lang='lat' dir='ltr'>ab</span> <span class='ocrx_word' id='word_1_234' title='bbox 1099 3434 1135 3474; x_wconf 89' lang='lat' dir='ltr'>en</span> <span class='ocrx_word' id='word_1_235' title='bbox 1146 3413 1213 3475; x_wconf 83' lang='lat' dir='ltr'>inde</span> <span class='ocrx_word' id='word_1_236' title='bbox 1225 3434 1353 3500; x_wconf 82' lang='lat' dir='ltr'>ternpore</span> 
     </span>
     <span class='ocr_line' id='line_1_29' title="bbox 374 3501 1352 3585; baseline -0.007 -23"><span class='ocrx_word' id='word_1_237' title='bbox 374 3502 519 3585; x_wconf 79' lang='lat' dir='ltr'>Pelasgitae</span> <span class='ocrx_word' id='word_1_238' title='bbox 535 3521 564 3563; x_wconf 91' lang='lat' dir='ltr'>et</span> <span class='ocrx_word' id='word_1_239' title='bbox 585 3503 740 3562; x_wconf 83' lang='lat' dir='ltr'>Hellenicae</span> <span class='ocrx_word' id='word_1_240' title='bbox 754 3501 832 3560; x_wconf 80' lang='lat' dir='ltr'>luisse</span> <span class='ocrx_word' id='word_1_241' title='bbox 854 3501 955 3579; x_wconf 86' lang='lat' dir='ltr'>stirpis,</span> <span class='ocrx_word' id='word_1_242' title='bbox 975 3503 1118 3582; x_wconf 86' lang='lat' dir='ltr'>multaque</span> <span class='ocrx_word' id='word_1_243' title='bbox 1135 3526 1171 3565; x_wconf 85' lang='lat' dir='ltr'>ex</span> <span class='ocrx_word' id='word_1_244' title='bbox 1184 3507 1282 3569; x_wconf 89' lang='lat' dir='ltr'>horum</span> <span class='ocrx_word' id='word_1_245' title='bbox 1296 3511 1352 3572; x_wconf 84' lang='lat' dir='ltr'>ser.</span> 
     </span>
     <span class='ocr_line' id='line_1_30' title="bbox 374 3592 1353 3677; baseline 0.003 -23"><span class='ocrx_word' id='word_1_246' title='bbox 374 3593 683 3672; x_wconf 80' lang='lat' dir='ltr'>nuncetreligionibus</span> <span class='ocrx_word' id='word_1_247' title='bbox 694 3593 755 3652; x_wconf 85' lang='lat' dir='ltr'>illos</span> <span class='ocrx_word' id='word_1_248' title='bbox 765 3592 916 3660; x_wconf 85' lang='lat' dir='ltr'>adscivisse,</span> <span class='ocrx_word' id='word_1_249' title='bbox 956 3595 1023 3673; x_wconf 79' lang='lat' dir='ltr'>Qu</span> <span class='ocrx_word' id='word_1_250' title='bbox 1040 3594 1100 3674; x_wconf 89' lang='lat' dir='ltr'>ipso</span> <span class='ocrx_word' id='word_1_251' title='bbox 1123 3600 1207 3672; x_wconf 70' lang='lat' dir='ltr'>poita</span> <span class='ocrx_word' id='word_1_252' title='bbox 1224 3616 1353 3677; x_wconf 79' lang='lat' dir='ltr'>paratam</span> 
     </span>
     <span class='ocr_line' id='line_1_31' title="bbox 373 3682 1352 3761; baseline 0.008 -16"><span class='ocrx_word' id='word_1_253' title='bbox 373 3682 451 3745; x_wconf 75' lang='lat' dir='ltr'>lubet</span> <span class='ocrx_word' id='word_1_254' title='bbox 476 3685 695 3752; x_wconf 85' lang='lat' dir='ltr'>excusationem,</span> <span class='ocrx_word' id='word_1_255' title='bbox 715 3683 789 3761; x_wconf 91' lang='lat' dir='ltr'>quod</span> <span class='ocrx_word' id='word_1_256' title='bbox 807 3684 895 3742; x_wconf 88' lang='lat' dir='ltr'>multa</span> <span class='ocrx_word' id='word_1_257' title='bbox 906 3683 936 3742; x_wconf 90' lang='lat' dir='ltr'>in</span> <span class='ocrx_word' id='word_1_258' title='bbox 949 3683 991 3743; x_wconf 84' lang='lat' dir='ltr'>his</span> <span class='ocrx_word' id='word_1_259' title='bbox 1010 3685 1080 3744; x_wconf 86' lang='lat' dir='ltr'>locis</span> <span class='ocrx_word' id='word_1_260' title='bbox 1102 3686 1138 3744; x_wconf 84' lang='lat' dir='ltr'>ad</span> <span class='ocrx_word' id='word_1_261' title='bbox 1158 3688 1352 3754; x_wconf 76' lang='lat' dir='ltr'>Graecanicam</span> 
     </span>
     <span class='ocr_line' id='line_1_32' title="bbox 373 3773 1353 3859; baseline 0.006 -25"><span class='ocrx_word' id='word_1_262' title='bbox 373 3774 533 3854; x_wconf 72' lang='lat' dir='ltr'>religionem</span> <span class='ocrx_word' id='word_1_263' title='bbox 544 3775 657 3834; x_wconf 84' lang='lat' dir='ltr'>deflexit</span> <span class='ocrx_word' id='word_1_264' title='bbox 670 3796 679 3841; x_wconf 90' lang='lat'>;</span> <span class='ocrx_word' id='word_1_265' title='bbox 700 3773 758 3848; x_wconf 87' lang='lat' dir='ltr'>ejus</span> <span class='ocrx_word' id='word_1_266' title='bbox 777 3773 852 3831; x_wconf 88' lang='lat' dir='ltr'>enim</span> <span class='ocrx_word' id='word_1_267' title='bbox 870 3773 986 3853; x_wconf 75' lang='lat' dir='ltr'>vestigia</span> <span class='ocrx_word' id='word_1_268' title='bbox 999 3775 1094 3853; x_wconf 87' lang='lat' dir='ltr'>pallim</span> <span class='ocrx_word' id='word_1_269' title='bbox 1104 3775 1189 3836; x_wconf 84' lang='lat' dir='ltr'>etiam</span> <span class='ocrx_word' id='word_1_270' title='bbox 1202 3779 1353 3859; x_wconf 82' lang='lat' dir='ltr'>Dionysius</span> 
     </span>
     <span class='ocr_line' id='line_1_33' title="bbox 374 3863 917 3944; baseline -0.006 -19"><span class='ocrx_word' id='word_1_271' title='bbox 374 3866 537 3942; x_wconf 75' lang='lat' dir='ltr'>rgsoscebat</span> <span class='ocrx_word' id='word_1_272' title='bbox 550 3864 678 3944; x_wconf 84' lang='lat' dir='ltr'>inprimis</span> <span class='ocrx_word' id='word_1_273' title='bbox 694 3863 808 3922; x_wconf 82' lang='lat' dir='ltr'>Faleriis</span> <span class='ocrx_word' id='word_1_274' title='bbox 821 3882 847 3922; x_wconf 87' lang='lat' dir='ltr'>c.</span> <span class='ocrx_word' id='word_1_275' title='bbox 870 3882 917 3922; x_wconf 69' lang='grc' dir='ltr'>ιι.</span> 
     </span>
    </p>

    <p class='ocr_par' dir='ltr' id='par_1_4' title="bbox 371 3951 1352 4751">
     <span class='ocr_line' id='line_1_34' title="bbox 410 3951 1352 4032; baseline 0 -15"><span class='ocrx_word' id='word_1_276' title='bbox 410 3956 474 4017; x_wconf 87' lang='lat' dir='ltr'>Nec</span> <span class='ocrx_word' id='word_1_277' title='bbox 487 3972 583 4014; x_wconf 85' lang='lat' dir='ltr'>tamen</span> <span class='ocrx_word' id='word_1_278' title='bbox 596 3953 769 4032; x_wconf 83' lang='lat' dir='ltr'>Aborigines</span> <span class='ocrx_word' id='word_1_279' title='bbox 787 3968 936 4031; x_wconf 87' lang='lat' dir='ltr'>propterea</span> <span class='ocrx_word' id='word_1_280' title='bbox 950 3951 1102 4032; x_wconf 80' lang='lat' dir='ltr'>Pelasgieae</span> <span class='ocrx_word' id='word_1_281' title='bbox 1112 3952 1200 4032; x_wconf 78' lang='lat' dir='ltr'>stirpis</span> <span class='ocrx_word' id='word_1_282' title='bbox 1210 3957 1352 4017; x_wconf 73' lang='lat' dir='ltr'>habendos</span> 
     </span>
     <span class='ocr_line' id='line_1_35' title="bbox 372 4041 1352 4123; baseline 0.003 -19"><span class='ocrx_word' id='word_1_283' title='bbox 372 4044 455 4107; x_wconf 57' lang='lat' dir='ltr'>eneti</span> <span class='ocrx_word' id='word_1_284' title='bbox 481 4042 736 4123; x_wconf 85' lang='lat' dir='ltr'>pronuntiavimus.</span> <span class='ocrx_word' id='word_1_285' title='bbox 789 4045 888 4110; x_wconf 77' lang='lat' dir='ltr'>Rene,</span> <span class='ocrx_word' id='word_1_286' title='bbox 920 4042 940 4101; x_wconf 80' lang='lat' dir='ltr'>fi</span> <span class='ocrx_word' id='word_1_287' title='bbox 963 4041 1030 4120; x_wconf 89' lang='lat' dir='ltr'>quid</span> <span class='ocrx_word' id='word_1_288' title='bbox 1056 4042 1201 4114; x_wconf 79' lang='lat' dir='ltr'>videmus3</span> <span class='ocrx_word' id='word_1_289' title='bbox 1233 4048 1352 4107; x_wconf 85' lang='lat' dir='ltr'>Faciunt</span> 
     </span>
     <span class='ocr_line' id='line_1_36' title="bbox 371 4132 1351 4212; baseline -0.01 -16"><span class='ocrx_word' id='word_1_290' title='bbox 371 4135 439 4196; x_wconf 83' lang='lat' dir='ltr'>enirn</span> <span class='ocrx_word' id='word_1_291' title='bbox 454 4135 542 4194; x_wconf 86' lang='lat' dir='ltr'>multa</span> <span class='ocrx_word' id='word_1_292' title='bbox 575 4153 640 4212; x_wconf 77' lang='lat' dir='ltr'>quar</span> <span class='ocrx_word' id='word_1_293' title='bbox 660 4132 708 4193; x_wconf 85' lang='lat' dir='ltr'>hic</span> <span class='ocrx_word' id='word_1_294' title='bbox 721 4134 845 4193; x_wconf 78' lang='lat' dir='ltr'>enarrari</span> <span class='ocrx_word' id='word_1_295' title='bbox 857 4148 1010 4211; x_wconf 89' lang='lat' dir='ltr'>nequeunt,</span> <span class='ocrx_word' id='word_1_296' title='bbox 1032 4133 1218 4202; x_wconf 82' lang='lat' dir='ltr'>manifestum,</span> <span class='ocrx_word' id='word_1_297' title='bbox 1245 4138 1351 4196; x_wconf 71' lang='lat' dir='ltr'>Abori.</span> 
     </span>
     <span class='ocr_line' id='line_1_37' title="bbox 372 4176 1350 4304; baseline 0.003 -21"><span class='ocrx_word' id='word_1_298' title='bbox 372 4223 445 4304; x_wconf 80' lang='lat' dir='ltr'>gines</span> <span class='ocrx_word' id='word_1_299' title='bbox 467 4224 504 4284; x_wconf 88' lang='lat' dir='ltr'>ad</span> <span class='ocrx_word' id='word_1_300' title='bbox 523 4176 648 4300; x_wconf 57' lang='lat' dir='ltr'>:iusum</span> <span class='ocrx_word' id='word_1_301' title='bbox 676 4242 778 4282; x_wconf 88' lang='lat' dir='ltr'>nomen</span> <span class='ocrx_word' id='word_1_302' title='bbox 804 4222 975 4300; x_wconf 85' lang='lat' dir='ltr'>pertinuisse,</span> <span class='ocrx_word' id='word_1_303' title='bbox 1004 4221 1078 4301; x_wconf 86' lang='lat' dir='ltr'>quod</span> <span class='ocrx_word' id='word_1_304' title='bbox 1104 4223 1161 4282; x_wconf 85' lang='lat' dir='ltr'>late</span> <span class='ocrx_word' id='word_1_305' title='bbox 1185 4245 1236 4302; x_wconf 88' lang='lat' dir='ltr'>per</span> <span class='ocrx_word' id='word_1_306' title='bbox 1261 4241 1350 4287; x_wconf 85' lang='lat' dir='ltr'>totam</span> 
     </span>
     <span class='ocr_line' id='line_1_38' title="bbox 373 4311 1349 4389; baseline 0.001 -16"><span class='ocrx_word' id='word_1_307' title='bbox 373 4314 475 4376; x_wconf 79' lang='lat' dir='ltr'>ltaliam</span> <span class='ocrx_word' id='word_1_308' title='bbox 493 4313 570 4374; x_wconf 84' lang='lat' dir='ltr'>sedet</span> <span class='ocrx_word' id='word_1_309' title='bbox 584 4333 642 4373; x_wconf 92' lang='lat' dir='ltr'>non</span> <span class='ocrx_word' id='word_1_310' title='bbox 655 4332 710 4371; x_wconf 91' lang='lat' dir='ltr'>uno</span> <span class='ocrx_word' id='word_1_311' title='bbox 724 4312 836 4371; x_wconf 91' lang='lat' dir='ltr'>nomine</span> <span class='ocrx_word' id='word_1_312' title='bbox 846 4311 955 4379; x_wconf 88' lang='lat' dir='ltr'>habuit,</span> <span class='ocrx_word' id='word_1_313' title='bbox 975 4326 1006 4371; x_wconf 90' lang='lat' dir='ltr'>ut</span> <span class='ocrx_word' id='word_1_314' title='bbox 1016 4328 1111 4371; x_wconf 86' lang='lat' dir='ltr'>tamen</span> <span class='ocrx_word' id='word_1_315' title='bbox 1129 4312 1300 4389; x_wconf 76' lang='lat' dir='ltr'>Aborigines</span> <span class='ocrx_word' id='word_1_316' title='bbox 1313 4315 1349 4374; x_wconf 80' lang='lat' dir='ltr'>ad</span> 
     </span>
     <span class='ocr_line' id='line_1_39' title="bbox 373 4400 1349 4479; baseline 0 -14"><span class='ocrx_word' id='word_1_317' title='bbox 373 4404 491 4465; x_wconf 77' lang='lat' dir='ltr'>Circeios</span> <span class='ocrx_word' id='word_1_318' title='bbox 504 4420 555 4464; x_wconf 89' lang='lat' dir='ltr'>aut</span> <span class='ocrx_word' id='word_1_319' title='bbox 568 4403 644 4463; x_wconf 83' lang='lat' dir='ltr'>sorte</span> <span class='ocrx_word' id='word_1_320' title='bbox 657 4402 695 4460; x_wconf 86' lang='lat' dir='ltr'>ad</span> <span class='ocrx_word' id='word_1_321' title='bbox 714 4401 806 4461; x_wconf 87' lang='lat' dir='ltr'>Lirim</span> <span class='ocrx_word' id='word_1_322' title='bbox 820 4401 905 4479; x_wconf 78' lang='lat' dir='ltr'>usqtre</span> <span class='ocrx_word' id='word_1_323' title='bbox 924 4401 1103 4461; x_wconf 87' lang='lat' dir='ltr'>habitarent:</span> <span class='ocrx_word' id='word_1_324' title='bbox 1124 4400 1349 4478; x_wconf 86' lang='lat' dir='ltr'>quandoquidem</span> 
     </span>
     <span class='ocr_line' id='line_1_40' title="bbox 372 4489 1348 4571; baseline -0.007 -19"><span class='ocrx_word' id='word_1_325' title='bbox 372 4492 495 4554; x_wconf 76' lang='lat' dir='ltr'>Latinum</span> <span class='ocrx_word' id='word_1_326' title='bbox 513 4512 632 4558; x_wconf 83' lang='lat' dir='ltr'>nomeu,</span> <span class='ocrx_word' id='word_1_327' title='bbox 650 4491 727 4569; x_wconf 89' lang='lat' dir='ltr'>quod</span> <span class='ocrx_word' id='word_1_328' title='bbox 741 4492 771 4550; x_wconf 89' lang='lat' dir='ltr'>in</span> <span class='ocrx_word' id='word_1_329' title='bbox 783 4491 855 4550; x_wconf 86' lang='lat' dir='ltr'>illius</span> <span class='ocrx_word' id='word_1_330' title='bbox 874 4492 967 4548; x_wconf 89' lang='lat' dir='ltr'>locum</span> <span class='ocrx_word' id='word_1_331' title='bbox 982 4491 1115 4555; x_wconf 76' lang='lat' dir='ltr'>succesit,</span> <span class='ocrx_word' id='word_1_332' title='bbox 1138 4509 1174 4548; x_wconf 91' lang='lat' dir='ltr'>eo</span> <span class='ocrx_word' id='word_1_333' title='bbox 1186 4489 1270 4567; x_wconf 88' lang='lat' dir='ltr'>usque</span> <span class='ocrx_word' id='word_1_334' title='bbox 1283 4513 1348 4571; x_wconf 78' lang='lat' dir='ltr'>per.</span> 
     </span>
     <span class='ocr_line' id='line_1_41' title="bbox 371 4579 1349 4658; baseline 0 -15"><span class='ocrx_word' id='word_1_335' title='bbox 371 4580 446 4642; x_wconf 76' lang='lat' dir='ltr'>tium</span> <span class='ocrx_word' id='word_1_336' title='bbox 458 4604 468 4652; x_wconf 73' lang='grc' dir='ltr'><strong>ς</strong></span> <span class='ocrx_word' id='word_1_337' title='bbox 484 4580 550 4642; x_wconf 84' lang='lat' dir='ltr'>binc</span> <span class='ocrx_word' id='word_1_338' title='bbox 560 4601 633 4642; x_wconf 74' lang='lat' dir='ltr'>vero</span> <span class='ocrx_word' id='word_1_339' title='bbox 645 4579 695 4658; x_wconf 90' lang='lat' dir='ltr'>qui</span> <span class='ocrx_word' id='word_1_340' title='bbox 708 4600 758 4658; x_wconf 91' lang='lat' dir='ltr'>per</span> <span class='ocrx_word' id='word_1_341' title='bbox 769 4580 954 4658; x_wconf 81' lang='lat' dir='ltr'>Campaniam</span> <span class='ocrx_word' id='word_1_342' title='bbox 963 4597 990 4637; x_wconf 88' lang='lat' dir='ltr'>et</span> <span class='ocrx_word' id='word_1_343' title='bbox 1003 4580 1138 4657; x_wconf 81' lang='lat' dir='ltr'>reliquam</span> <span class='ocrx_word' id='word_1_344' title='bbox 1155 4579 1268 4639; x_wconf 78' lang='lat' dir='ltr'>Italiam</span> <span class='ocrx_word' id='word_1_345' title='bbox 1279 4581 1349 4644; x_wconf 85' lang='lat' dir='ltr'>infe-</span> 
     </span>
     <span class='ocr_line' id='line_1_42' title="bbox 371 4664 1351 4751; baseline -0.001 -18"><span class='ocrx_word' id='word_1_346' title='bbox 371 4669 461 4738; x_wconf 74' lang='lat' dir='ltr'>riorem</span> <span class='ocrx_word' id='word_1_347' title='bbox 480 4672 657 4739; x_wconf 79' lang='lat' dir='ltr'>habitarunt,</span> <span class='ocrx_word' id='word_1_348' title='bbox 681 4670 776 4751; x_wconf 79' lang='lat' dir='ltr'>paffim</span> <span class='ocrx_word' id='word_1_349' title='bbox 800 4668 944 4730; x_wconf 84' lang='lat' dir='ltr'>Ausonum</span> <span class='ocrx_word' id='word_1_350' title='bbox 964 4687 1067 4729; x_wconf 90' lang='lat' dir='ltr'>nomen</span> <span class='ocrx_word' id='word_1_351' title='bbox 1081 4664 1242 4741; x_wconf 77' lang='lat' dir='ltr'>servaruut3</span> <span class='ocrx_word' id='word_1_352' title='bbox 1276 4675 1351 4733; x_wconf 83' lang='lat' dir='ltr'>unde</span> 
     </span>
    </p>

    <p class='ocr_par' dir='ltr' id='par_1_5' title="bbox 1277 4763 1351 4841">
     <span class='ocr_line' id='line_1_43' title="bbox 1277 4763 1351 4841; baseline -0.014 -19"><span class='ocrx_word' id='word_1_353' title='bbox 1277 4763 1351 4841; x_wconf 77' lang='lat' dir='ltr'>apud</span> 
     </span>
    </p>
   </div>
   <div class='ocr_carea' id='block_1_3' title="bbox 0 0 1742 6234">
    <p class='ocr_par' dir='ltr' id='par_1_6' title="bbox 0 0 1742 6234">
     <span class='ocr_line' id='line_1_44' title="bbox 0 0 1742 6234; baseline 0 5"><span class='ocrx_word' id='word_1_354' title='bbox 0 0 1742 6234; x_wconf 95' lang='lat' dir='ltr'> </span> 
     </span>
    </p>
   </div>
  </div>
 </body>
</html>
