3475 6234
907 1430 994 1498 28
1196 1423 1280 1499 P.
1357 1422 1927 1500 VIRGILII
2008 1426 2601 1510 MARONIS

898 1621 1169 1697 Omnia
1183 1624 1309 1698 sub
1323 1614 1799 1723 pedibhsflua
1812 1626 1932 1698 Sol
1950 1645 2335 1729 utrumque
2346 1652 2705 1709 recurrens
2722 1660 2749 1710 1
2762 1656 2869 1712 oo

896 1760 1233 1858 Adspicit
1267 1761 1661 1847 Oceanum,
1709 1759 2033 1858 vertique
2062 1765 2359 1863 regique
2388 1768 2761 1846 videbunt.

895 1900 1088 1972 Haec
1121 1894 1444 1993 responsa
1469 1896 1696 1993 patris
1731 1894 1981 1984 Fauni,
2028 1902 2481 2000 monitusque
2514 1906 2745 1981 fiienti

897 2040 1129 2113 Noete
1155 2037 1382 2122 datoS,
1429 2056 1572 2107 non
1603 2034 1753 2131 ipse
1782 2036 1908 2109 suo
1939 2040 2205 2132 premit
2236 2062 2358 2145 ore
2396 2038 2735 2113 Latinus:

896 2175 1031 2248 Sed
1064 2173 1336 2247 circum
1369 2174 1507 2244 late
1535 2171 1837 2245 volitans
1858 2148 2017 2273 jem
2052 2172 2269 2245 Fama
2300 2144 2431 2268 per
2462 2174 2667 2246 urbis

893 2308 1243 2380 Ausonias
1276 2309 1533 2381 tulerat
1545 2341 1568 2390 ς
1619 2332 1847 2404 quum
1884 2286 2401 2381 Laomedontia
2434 2307 2659 2403 pubes
2718 2330 2850 2405 [ος

896 2441 1290 2517 Gramineo
1321 2445 1497 2541 ripae
1530 2442 1864 2540 religavit
1897 2442 1989 2514 ab
2020 2464 2284 2541 aggere
2310 2440 2623 2515 claffem.

990 2577 1276 2666 AEneas,
1320 2581 1677 2678 primique
1705 2579 1951 2667 duces,
1998 2596 2071 2651 et
2105 2578 2403 2677 pulcher
2438 2578 2667 2669 Iulus,

897 2704 1220 2805 Corpora
1248 2707 1378 2780 sub
1411 2707 1624 2779 ramis
1656 2705 2032 2802 deponunt
2067 2708 2342 2781 arboris
2373 2709 2574 2793 altae3

894 2847 1425 2943 Instituuntque
1457 2845 1696 2943 dapeS,
1748 2862 1818 2916 et
1852 2845 2107 2919 adorea
2140 2847 2288 2918 liba
2319 2871 2449 2942 per
2480 2846 2776 2920 herbam

898 2985 1305 3085 subjiciunt
1340 2986 1567 3081 epulis
1603 2985 1732 3077 (fic
1770 2984 2105 3083 Juppiter
2138 2984 2258 3056 ine
2293 2985 2659 3073 monebat)
2722 3006 2747 3056 1
2769 3005 2864 3055 10

966 3221 1076 3258 101.
1113 3208 1295 3273 Respicit
1314 3223 1371 3255 ex
1395 3206 1603 3256 Helenio
1628 3208 1818 3256 Acrone
1843 3207 2004 3256 laudat
2037 3209 2102 3257 G.
2131 3205 2312 3255 Fabrie.
2362 3204 2424 3254 cf.
2453 3206 2622 3254 Burm.
2692 3206 2863 3269 Accipit

898 3284 1152 3350 Goth.pr.
1181 3299 1229 3333 ct
1245 3298 1375 3342 tert..
1409 3284 1569 3344 male;
1624 3301 1736 3332 nam
1781 3301 1913 3333 mare
1949 3286 2124 3350 excipit
2169 3285 2335 3343 solem,
2387 3298 2483 3331 non
2523 3283 2593 3331 sol
2636 3283 2862 3330 occidens
