3475 6234
438 545 2816 854 ψ

1165 562 1176 573 ιι

738 1277 879 1348 324
1036 1256 1773 1332 P.v1RG1L11
1871 1258 2467 1338 MARONIS

746 1462 887 1545 Tu,
921 1462 1073 1546 dea,
1106 1479 1177 1532 tu
1216 1460 1517 1555 praesens
1556 1461 1793 1534 nostro
1828 1462 2152 1539 succurre
2183 1465 2436 1556 labori,

744 1596 1110 1667 Astrorum
1138 1597 1371 1683 dcem,
1396 1616 1465 1667 et
1501 1621 1875 1669 nemorum
1900 1592 2202 1672 Latonia
2234 1599 2507 1684 custos;
2551 1613 2695 1696 405

742 1735 815 1807 Si
851 1761 987 1832 qua
1023 1737 1157 1804 tuis
1193 1761 1536 1831 umquam
1572 1761 1705 1831 pro
1737 1762 1856 1809 me
1887 1756 2088 1835 pater
2120 1741 2483 1834 Hyrtacus
2515 1739 2652 1812 aris
2696 1788 2707 1796 -
2766 1780 2771 1788 ·

746 1874 952 1945 Dona
986 1874 1167 1958 tulit,
1202 1872 1248 1942 fi
1288 1898 1426 1968 quq
1460 1872 1607 1967 ipse
1644 1873 1819 1944 meis
1857 1875 2227 1967 venatibus
2262 1876 2458 1963 auxi,

744 2000 1173 2094 Suspendive
1208 2004 1427 2087 tholo,
1459 2019 1579 2074 aut
1615 2001 1804 2074 sacra
1838 2005 1927 2075 ad
1962 2003 2238 2100 fastigia
2271 2005 2397 2075 fixi
2432 2032 2451 2076 ε

746 2135 965 2207 Hunc
989 2138 1131 2208 fine
1151 2165 1266 2210 me
1283 2141 1566 2210 turbare
1580 2140 1906 2236 globum,
1918 2157 1990 2211 et
2005 2163 2168 2236 rege
2179 2141 2318 2211 tela
2331 2165 2700 2238 peram-as«

745 2267 1039 2338 Dixerat
1070 2298 1085 2338 2
1141 2289 1209 2340 ct
1244 2290 1397 2342 toto
1429 2271 1778 2344 connixus
1807 2293 2105 2367 corpore
2139 2269 2407 2344 sermm
2550 2295 2707 2363 410

749 2400 1088 2498 Conjicit.
1197 2404 1416 2475 Hasta
1442 2405 1682 2475 volans
1708 2403 1931 2476 n‘offis
1955 2403 2357 2476 diverberat
2383 2404 2700 2491 umbraS,
2749 2426 2757 2435 ·

749 2537 847 2609 Et
882 2538 1076 2609 venit
1107 2538 1323 2610 averfi
1360 2540 1427 2609 in
1463 2556 1748 2635 tergum
1780 2538 2162 2628 Sulmonis,
2211 2538 2459 2636 ibique

818 2752 932 2796 404.
970 2755 1056 2803 pro
1089 2742 1238 2797 labori,
1271 2742 1415 2798 dolori,
1445 2741 1636 2789 videtur
1650 2738 1914 2790 defiderare
1948 2740 2177 2788 Burman.
2213 2741 2320 2787 Sec.
2344 2737 2406 2786 ad
2430 2735 2703 2802 Antholog.

750 2829 800 2878 p.
828 2827 938 2874 150,
960 2816 1035 2862 sed
1060 2817 1119 2863 ad
1142 2817 1279 2864 illum
1319 2823 1479 2880 pofitae
1511 2816 1691 2875 locum,
1721 2826 1868 2880 quem
1912 2815 1980 2865 ibi
2003 2816 2197 2872 tradat,
2224 2814 2436 2879 spessnre
2476 2814 2528 2863 id
2550 2813 2708 2862 debet.

883 2906 993 2954 409.
1032 2899 1162 2941 Nunc
1198 2910 1270 2956 pr.
1325 2895 1509 2941 Morct.
1568 2908 1652 2961 per
1688 2895 1815 2962 ῥᾴω
1856 2892 2018 2957 Bigot.
2061 2903 2111 2941 et
2145 2891 2297 2941 Goth.
2339 2902 2452 2940 tert.
2585 2902 2703 2948 410.

752 2969 904 3035 conisus
938 2973 1103 3029 Rom„
1139 2983 1186 3018 et
1220 2971 1311 3018 hoc
1335 2971 1520 3020 Pierius
1538 2972 1799 3020 secundum
1820 2972 2036 3020 Probum
2063 2969 2368 3039 praeferebat.
2435 2970 2629 3017 connixus
2674 2982 2704 3015 e

755 3045 849 3093 suis
871 3048 1084 3097 defendit
1110 3048 1348 3096 Heinfiu⁸.·
1415 3048 1509 3097 Sed
1530 3048 1582 3107 fi,
1613 3061 1668 3098 ut
1690 3048 1824 3109 facit,
1853 3053 2022 3098 conixus
2044 3048 2283 3106 scribitur,
2325 3046 2485 3096 statim
2515 3061 2709 3110 quoque

756 3127 901 3172 conicit
934 3126 999 3173 vs.
1036 3142 1127 3184 4¹1
1177 3139 1280 3174 erat
1325 3125 1681 3190 refingendum.
1750 3127 1824 3194 Sic
1849 3143 2039 3192 quoque
2061 3136 2178 3173 vett.
2214 3141 2290 3188 ap.
2324 3123 2545 3172 Servium
2563 3121 2711 3170 habe-⁶

758 3199 891 3250 bant.

1027 3218 1136 3260 4¹¹-
1189 3203 1444 3251 deverberare
1476 3220 1555 3266 qu.
1597 3206 1778 3252 Moret.
1839 3221 1972 3252 auras
2005 3201 2189 3266 aliquot
2222 3203 2389 3249 Burm.
2432 3215 2483 3250 v.
2519 3189 2609 3247 lili.
2641 3196 2712 3267 V,

753 3291 1117 3339 502.—-412.
1154 3280 1352 3343 Adverst
1379 3279 1527 3345 vulgo
1549 3279 1725 3344 ubique
1750 3280 1943 3343 legitur.
2012 3278 2203 3328 Servius
2224 3277 2282 3325 de
2317 3278 2449 3325 scuto
2473 3276 2712 3341 intel-pte·

758 3365 915 3401 tatur:
973 3355 1032 3419 iic
1073 3372 1262 3420 quoque
1300 3358 1533 3404 Donatus.
1610 3357 1882 3406 Conturbat
1926 3357 2171 3405 interdum
2210 3354 2444 3412 animum,
2479 3351 2513 3401 fi
2549 3348 2716 3400 videno

759 3442 913 3478 totam
945 3433 1281 3495 antiquitatem
1303 3431 1554 3480 absurdam
1578 3433 1857 3496 opinionem
1879 3433 2190 3497 pervicaciter
2211 3444 2393 3489 tenere,
2425 3441 2473 3478 et
2507 3428 2714 3478 recenti·
