3475 6234
911 1332 1006 1385 10
1113 1305 1659 1382 PRAEFATIO
1705 1303 2113 1397 PRIOR‘IS
2164 1306 2719 1388 EDITIONIS.

905 1509 1116 1582 toriae
1155 1505 1486 1582 subtilius
1527 1506 1867 1593 tractant,
1928 1505 2251 1602 varietati
2300 1528 2374 1583 et
2413 1511 2647 1608 copiae
2686 1511 2870 1586 doc-

901 1634 1143 1718 ·trinae,
1209 1630 1672 1705 consentanea
1728 1627 1911 1715 iint3
1988 1631 2119 1703 nifi
2186 1632 2597 1709 minuantur
2655 1659 2871 1732 porro

906 1752 1179 1826 sumtus
1222 1753 1293 1827 in
1343 1771 1451 1825 tot
1490 1750 1866 1840 editioneS,
1914 1777 2089 1849 quas
2121 1753 2253 1827 nist
2288 1779 2542 1830 omnes
2573 1761 2665 1832 ad
2706 1785 2875 1833 ma-

906 1905 1087 1953 num
1142 1877 1491 1964 habueris,
1556 1875 1799 1974 sapere
1852 1901 1997 1949 non
2065 1877 2255 1966 licet,
2321 1878 2535 1975 inque
2589 1900 2870 1958 tanturn
2943 1956 2948 1961 .

905 2006 1256 2079 librorum
1286 2001 1743 2076 auxiliarium
1770 2019 2195 2097 apparatum
2251 2003 2555 2091 faciendi
2593 2042 2612 2090 ς
2663 2031 2871 2080 revo-

906 2144 1176 2198 centur·
1210 2150 1378 2198 vero
1429 2124 1750 2199 virorum
1798 2124 2176 2198 doctorum
2210 2124 2434 2199 studia
2464 2126 2555 2198 ad
2591 2148 2869 2205 certum
2975 2202 2981 2209 .

904 2272 988 2321 ac
1053 2249 1437 2323 definitum
1503 2250 1725 2323 finem
1783 2266 1857 2322 et
1917 2245 2144 2334 usum,
2210 2247 2869 2349 constituanturque

903 2373 1150 2446 omnia
1197 2371 1315 2459 fle,
1374 2392 1455 2445 ut
1498 2390 1572 2444 et
1621 2372 1708 2444 iis
1755 2373 2121 2470 capiendis
2173 2398 2303 2469 par
2343 2372 2428 2445 fit
2475 2372 2754 2445 animus
2797 2394 2869 2447 et

795 2518 824 2593 J
905 2521 1082 2570 vero
1126 2499 1346 2570 etiam
1392 2496 1670 2569 caeteris
1717 2496 2116 2594 disciplinis
2167 2497 2649 2595 percipiendis
2702 2499 2867 2572 satis

906 2619 1100 2696 redte
1148 2644 1394 2699 vacare
1447 2619 1699 2716 possit:
1776 2620 1960 2708 haee,
2026 2623 2349 2718 inquam,
2409 2622 2538 2695 nisi
2596 2644 2867 2697 mature

895 2742 1438 2844 provideantur,
1481 2768 1750 2834 vereor,
1794 2770 1882 2822 ne
1926 2745 2241 2823 studium
2290 2726 2426 2824 h'oc
2466 2771 2867 2844 graecarum

905 2884 982 2954 ct
1037 2866 1419 2943 latinarum
1472 2869 1875 2945 litterarum
1916 2869 2141 2947 indies
2182 2871 2646 2967 inmajorem
2688 2896 2867 2944 con-

904 3009 1217 3079 ,temtum
1269 2995 1664 3074 adducatur
1710 3018 1753 3070 a
1799 2994 1970 3070 viris
2021 2994 2504 3091 prudentibuS,
2573 2995 2688 3067 seu
2740 2996 2865 3090 qui

904 3116 1035 3208 fibi
1070 3118 1452 3216 prudentes
1486 3119 1836 3206 videntur,
1886 3119 2010 3215 qui
2052 3118 2293 3191 omnia
2334 3118 2424 3193 ad
2461 3121 2627 3190 vitae
2660 3121 2866 3191 usum

901 3242 1162 3321 referre
1195 3242 1470 3330 volunt,
1518 3267 1645 3317 nec
1683 3244 1958 3329 litteris„
1991 3244 2118 3314 nifi
2157 3268 2241 3313 ex
2276 3245 2602 3315 utilitatis
2638 3243 2869 3330 meffe,

901 3389 1068 3461 ,quat
1110 3390 1277 3439 cum
1314 3365 1463 3462 ipsa
1508 3366 1772 3439 satione
1823 3368 2057 3438 statim
2111 3367 2483 3464 conjuncta
2535 3368 2641 3457 fit,
2700 3392 2867 3462 pre..
