3475 6234
897 1306 1035 1378 333
1186 1280 1268 1351 P.
1352 1278 1933 1355 VIRGILII
2012 1277 2609 1360 MARONIS

896 1462 1235 1554 Produxi,
1283 1464 1571 1563 preffive
1604 1466 1872 1551 oculos,
1920 1469 2367 1540 aut.vulnera
2402 1467 2568 1556 lavi,

898 1603 1103 1676 Veste
1129 1623 1367 1702 tegens
1394 1641 1413 1687 ς
1465 1606 1599 1675 tibi
1628 1630 1846 1701 quam
1879 1607 2113 1678 hostes
2151 1606 2397 1679 festina
2428 1607 2714 1702 diesque

826 1703 831 1716 Ι
900 1740 1344 1836 Urguebam‚
1395 1757 1464 1810 et
1500 1740 1636 1809 tela
1666 1763 1865 1811 curas
1901 1738 2174 1813 solabar
2207 1744 2441 1818 anilis,

897 1877 1067 1975 Qo
1130 1878 1372 1970 sequar
1424 1875 1449 1945 ?
1534 1895 1654 1947 aut
1705 1901 1882 1972 ,quae
1943 1900 2133 1950 nunc
2196 1899 2410 1968 artuS,
2485 1881 2859 1980 avolsaque

1180 2015 1527 2099 membra,
2711 2043 2859 2118 490

895 2182 1026 2242 quod
1055 2198 1140 2229 nec
1172 2183 1303 2229 vocis
1325 2182 1598 2246 exemplum
1622 2193 1769 2239 extat,
1801 2183 1886 2232 nifi
1908 2200 1965 2232 ex
1999 2185 2203 2233 leetione
2235 2185 2332 2249 Jos.
2371 2185 2596 2249 Scaliger-i
2625 2187 2672 2231 in
2709 2183 2857 2233 Ennii

893 2259 1194 2324 epitaphium
1217 2261 1372 2308 illata:
1408 2279 1478 2308 nec
1500 2261 1670 2326 funera
1692 2263 1856 2325 fletum
1872 2265 2022 2330 faxit.
2086 2264 2338 2328 Displicuit
2365 2265 2587 2312 Scrviana
2605 2264 2730 2311 ratio
2749 2265 2858 2326 iam

896 2335 1030 2400 Julio
1048 2336 1240 2393 Sabino,
1277 2336 1359 2399 qui
1383 2335 1443 2383 fic
1460 2336 1659 2400 accipit:
1694 2342 1724 2367 ¹⁴
1754 2353 1847 2401 ego
1873 2350 1955 2386 tua
1978 2351 2131 2387 mater
2153 2339 2315 2403 peperi
2331 2352 2378 2387 te
2395 2355 2491 2387 nou
2515 2339 2574 2387 ad
2596 2339 2781 2397 funera,
2802 2339 2855 2385 id

898 2419 933 2442 ⁸⁸
956 2413 1041 2471 est,
1062 2426 1115 2460 ut
1140 2413 1239 2477 ipsa
1258 2412 1345 2461 tibi
1372 2411 1577 2459 facerem
1603 2412 1760 2461 funus.
1779 2413 1811 2433 ’⁸
1867 2415 2114 2464 substituit
2131 2413 2281 2480 igitur
2300 2415 2398 2472 ille,
2421 2417 2551 2480 quod
2565 2415 2644 2463 alii
2658 2431 2855 2480 quoque

894 2490 1103 2539 faciunt:
1164 2510 1233 2539 nec
1281 2505 1320 2536 te
1351 2489 1411 2535 ad
1445 2505 1520 2537 tua
1546 2489 1618 2554 f.,
1648 2489 1729 2538 sed
1767 2490 1858 2538 hoc
1894 2491 2173 2556 plumbeum
2209 2492 2308 2551 est3
2345 2503 2446 2550 aut,
2476 2492 2604 2557 quod
2643 2491 2855 2539 Pseudo·

892 2567 1079 2616 Donati
1102 2566 1490 2630 interpretationi
1512 2564 1765 2630 praefixum
1781 2567 1923 2616 video
1939 2592 1951 2614 =
1985 2587 2058 2618 nec
2079 2583 2121 2618 ee
2152 2568 2202 2616 in
2234 2572 2395 2636 rufi,
2424 2582 2474 2617 at
2501 2570 2551 2619 in
2580 2569 2679 2633 ipsa
2700 2568 2854 2617 inter-

894 2648 1166 2712 pretatione
1191 2645 1329 2694 aliter
1352 2657 1569 2707 acceptus
1591 2643 1721 2691 locus
1744 2667 1753 2689 ι
1793 2650 1825 2674 “
1851 2646 1943 2694 Hic
1971 2661 2181 2709 quoque,
2213 2645 2388 2710 inquit,
2424 2645 2553 2693 aliud
2577 2646 2731 2693 suerat
2749 2645 2852 2694 die-

897 2737 1024 2783 tura,
1041 2723 1170 2772 aliud
1194 2721 1406 2787 subjecit,
1427 2720 1634 2770 dolentis
1643 2737 1797 2770 more.
1817 2722 1849 2742 '⁸
1902 2722 2090 2772 Scilicet
2114 2739 2174 2772 ex
2189 2722 2290 2788 ejus
2301 2723 2534 2772 sententia
2549 2722 2850 2773 scribendum

895 2805 989 2851 erit
1014 2820 1121 2850 cum
1145 2803 1364 2849 Catroeo:
1401 2819 1471 2847 nec
1494 2813 1673 2848 te—tua
1695 2801 1867 2866 funera
1887 2817 2021 2850 mater
2044 2806 2126 2861 P„
2157 2813 2212 2850 ut
2243 2803 2290 2851 se
2319 2801 2470 2866 ipsam
2501 2801 2816 2865 reprehendat
2832 2829 2847 2852 ε

893 2879 1015 2940 quid
1050 2879 1157 2925 dico
1193 2876 1277 2923 te?
1334 2874 1502 2922 saltem
1539 2885 1623 2922 tua
1652 2874 1842 2923 funera:
1878 2877 2010 2940 quod
2049 2876 2338 2941 ancuipiam
2360 2876 2405 2924 se
2428 2875 2745 2940 probaturum
2769 2875 2846 2936 fit,

892 2956 1089 3020 ignoro.
1159 2954 1309 3002 Aliud
1329 2968 1527 3000 acumen
1550 2952 1734 3016 sequuti
1760 2955 1866 3002 sunt
1883 2955 1980 3003 alii.
2045 2956 2252 3004 Cerdam
2276 2971 2375 3003 non
2409 2953 2650 3018 affequor:
2687 2953 2768 3005 etfi
2800 2954 2842 3003 io

890 3033 1155 3097 proclivior
1177 3030 1242 3079 est
1266 3030 1313 3076 in
1338 3028 1609 3076 Servianam
1632 3030 1886 3078 rationem.
1951 3031 2156 3080 Castalio
2189 3033 2313 3096 apud
2337 3035 2667 3080 Burmannum
2699 3032 2843 3082 verb:

890 3111 1123 3176 jungebat
1139 3108 1225 3156 sie:
1253 3122 1322 3154 nec
1340 3120 1378 3152 te
1391 3122 1526 3170 tegens
1544 3106 1656 3169 vesie
1671 3107 1861 3170 produxi
1869 3108 2057 3176 funera.
2095 3110 2230 3156 Dura
2246 3109 2436 3172 prorsus
2450 3109 2619 3156 oratio.
2656 3110 2843 3159 Locum

892 3187 989 3234 esse
1012 3195 1291 3248 corruptum
1317 3180 1474 3228 nullus
1498 3181 1665 3229 dubito
1698 3194 1842 3246 atque
1870 3199 1981 3231 eum
2017 3185 2137 3232 adeo
2167 3184 2293 3232 inter
2319 3202 2375 3233 ea
2412 3184 2503 3232 effe
2539 3185 2842 3234 referendum

888 3264 1078 3319 censeo,
1099 3263 1148 3309 in
1173 3274 1380 3324 quorum
1404 3258 1683 3320 corruptelis
1704 3275 1871 3307 omues
1892 3260 2077 3308 codices
2092 3262 2362 3326 conspirant
2383 3263 2596 3325 adeoque
2617 3263 2841 3311 testatum

894 3341 1096 3396 faciunt,
1123 3339 1169 3385 se
1204 3336 1301 3384 istis
1336 3335 1754 3398 depravationibus
1775 3337 1971 3392 seriores
1993 3337 2083 3385 effe
2114 3354 2293 3388 omnes·
2359 3339 2609 3386 Laudatur
2645 3340 2842 3402 quidem

891 3417 1040 3465 leelio
1061 3433 1119 3463 ex
1140 3415 1234 3462 sec.
1271 3415 1443 3460 Μαι-ετ.
1501 3429 1571 3458 nec
1604 3415 1709 3460 enine
1731 3427 1829 3470 tua,
1872 3426 1921 3461 et
1944 3430 2001 3462 ex
2029 3415 2242 3464 Parthas.
2318 3434 2389 3464 nec
2410 3433 2482 3480 ego
2506 3431 2600 3473 tua,
2629 3415 2708 3464 sed
2735 3432 2842 3464 cor-
