3475 6234
619 853 1027 933 numanum
1070 860 1156 934 vn.
1293 884 1359 962 143

375 1057 460 1130 traxit
478 1056 618 1119 Valesius.
667 1057 712 1120 ita
731 1059 833 1119 sallum
852 1061 889 1119 ab
909 1061 957 1127 iia,
980 1081 1050 1140 quoa
1067 1061 1206 1141 Virgilius
1224 1063 1280 1124 alio
1295 1065 1362 1124 loeo

377 1149 505 1230 sequitur.
548 1149 643 1218 Nam,
675 1151 751 1229 quod
776 1151 861 1211 modo
885 1171 949 1211 eum
973 1153 1093 1212 vidimue
1118 1153 1217 1213 Latini
1238 1154 1359 1231 maiorer

375 1239 456 1299 edere
478 1242 616 1308 Faunum,
638 1239 737 1301 Picum
750 1254 779 1301 et
794 1243 943 1302 Saturnum
955 1257 1080 1310 atavum,
1099 1243 1128 1302 id
1144 1245 1237 1322 paullo
1249 1246 1309 1323 poll
1327 1264 1359 1303 v.

380 1349 432 1411 ¹77
454 1331 514 1410 qu.
532 1322 645 1390 deserit.
686 1331 720 1390 In
737 1332 832 1392 Latini
844 1332 940 1412 regia:
966 1336 1038 1412 Quin
1051 1340 1129 1393 eriam
1141 1350 1259 1394 vorem
1267 1338 1361 1413 figite
1410 1364 1413 1369 ·

377 1443 411 1481 ex
423 1424 632 1480 ordinm
648 1421 764 1500 Antiqua
784 1445 817 1481 ex
837 1426 928 1492 τείνας
956 1422 1082 1502 Italasqrae
1102 1438 1228 1501 paterque
1248 1423 1362 1483 Sabinus

379 1514 514 1587 Virisotor,
531 1513 762 1587 curvataservaas
771 1511 826 1587 sab
844 1518 955 1591 imagine
967 1508 1080 1590 fabem,
1103 1515 1361 1591 Saturnqquestax

377 1600 495 1680 Jaiqoe
515 1599 638 1679 bifrontis
659 1607 745 1679 imago
767 1599 891 1679 Vestibula
913 1600 1062 1679 ocdslabant.
1109 1602 1167 1662 Hic
1189 1604 1300 1663 Sabinus
1320 1606 1359 1665 ed

379 1692 507 1759 Sabinos,
519 1690 569 1770 qui
581 1690 655 1749 inter
667 1690 856 1750 vetussiffimos
868 1712 905 1751 cx
916 1691 1069 1752 Ausonibue
1082 1692 1171 1760 inore,
1197 1692 1358 1755 referendue

380 1783 427 1849 cll,
445 1781 538 1862 gentis
557 1780 736 1847 anonnullis,
756 1795 815 1839 uta
832 1781 954 1848 Catone,
985 1784 1081 1842 aullor
1096 1779 1226 1850 habitura
1246 1783 1296 1843 etti
1310 1784 1359 1844 alii

382 1871 461 1930 aliutr
477 1870 622 1950 depopuli
632 1869 742 1949 origine
757 1870 907 1930 etnomine
927 1871 1050 1951 argutati
1061 1871 1131 1931 sunt.
1172 1873 1255 1933 sitim
1267 1870 1358 1944 Vlll,

381 1982 434 2040 ⁴²4
460 1961 557 2021 Saba
577 1959 734 2023 vocat..cl.
762 1963 901 2038 Pompon.
928 1963 994 2022 Sub.
1028 1961 1115 2021 adh.
1139 1963 1159 2021 l.
1185 1963 1257 2032 VIl,
1289 1972 1343 2044 178

380 2053 460 2113 Italas
479 2068 575 2112 autem
588 2052 623 2110 ad
637 2051 782 2111 OEnotrios
800 2051 915 2132 spoliat,
937 2073 1005 2133 quor
1021 2051 1160 2113 Ausonum
1175 2053 1293 2114 sedecia
1305 2040 1356 2115 eir·

379 2142 556 2205 tumulatio
566 2144 710 2222 occupasse
727 2159 768 2211 et,
787 2144 862 2223 quod
883 2144 1025 2224 probabile
1039 2145 1088 2211 est,
1107 2162 1172 2203 cum
1184 2143 1282 2205 iisdem
1293 2165 1358 2223 pro·

378 2231 635 2301 ruiicmhabitalse,
649 2231 729 2311 supra
738 2232 869 2293 vidimus.
910 2234 1044 2313 Namque
1057 2233 1085 2292 in
1094 2232 1136 2291 hie
1149 2231 1218 2292 locis
1234 2233 1357 2312 primum
1420 2303 1427 2310 ,
1519 2227 1521 2234 ⁴

378 2320 464 2382 lntiae
472 2341 576 2382 nomeu
589 2321 715 2381 auditum
728 2323 777 2389 el,
797 2324 852 2383 five
868 2324 904 2383 ab
917 2324 991 2384 Italo
1003 2342 1070 2402 rege
1084 2323 1139 2380 five
1149 2320 1186 2380 ab
1195 2322 1250 2382 alia
1266 2326 1359 2386 caussa

379 2412 496 2472 dodum
522 2412 563 2471 cf.
587 2411 703 2471 Excurs.
725 2411 799 2472 XXI
819 2413 856 2474 a'd
872 2414 924 2474 lib.
944 2416 970 2474 l.
1011 2412 1113 2472 Italum
1132 2411 1286 2481 OEnotrioa,
1306 2413 1358 2492 qui

377 2500 483 2582 disperii
494 2500 659 2562 babitabant
675 2502 826 2577 (νομάδας),
846 2503 883 2561 ad
897 2502 1094 2582 agriculturam
1109 2499 1261 2571 adduxisse,
1279 2505 1357 2587 leges

378 2590 502 2673 leripfrffe
512 2608 554 2660 ct,
572 2591 646 2651 inter
655 2591 721 2660 alia,
733 2592 860 2652 sodalitia
872 2593 1059 2671 convivioque
1073 2591 1184 2671 publica
1202 2597 1353 2671 (oracli-sa)

378 2682 499 2742 adinum
512 2681 594 2761 usque
606 2696 716 2759 tempor
730 2681 904 2761 frequentata
918 2682 1079 2743 constituill'e
1092 2698 1186 2741 narrat
1195 2684 1356 2747 Aristoteles
1423 2696 1426 2702 ’

380 2772 415 2831 de
423 2772 499 2849 Rep.
512 2773 584 2840 Vll,
602 2789 649 2838 10,
662 2771 736 2850 quod
745 2773 842 2832 frustra
854 2788 989 2833 conantur
1002 2772 1037 2831 ad
1049 2772 1199 2831 Saturnum
1211 2792 1354 2836 revocare.

360 2860 484 2943 ⁴Qitlui
494 2859 630 2920 OEuotriis
641 2859 700 2919 suaa
711 2860 815 2921 fabulas
827 2863 1011 2941 relinquamus
1022 2866 1032 2920 l

416 2951 509 3011 Altera
528 2952 691 3029 mythorum
708 2951 872 3012 Latinorum
885 2951 1140 3030 interpolandorum
1154 2951 1226 3012 ratio
1237 2952 1275 3013 ab
1286 2955 1354 3015 alle-

378 3041 478 3123 goricis
491 3041 694 3101 narmdonibus
708 3044 844 3121 profecta,
864 3063 932 3121 quas
951 3043 978 3101 in
993 3042 1167 3101 historiarum
1186 3043 1313 3107 ordinem
1325 3063 1355 3107 et

379 3152 519 3193 numerum
533 3131 648 3190 seriores
661 3133 829 3192 retulerunt:
859 3133 934 3212 quod
947 3134 1022 3192 idem
1035 3133 1108 3191 inter
1119 3132 1236 3194 Gnaeos
1247 3152 1275 3197 et
1293 3159 1355 3200 om·

377 3244 422 3283 uer
431 3222 545 3283 omnino
559 3238 693 3280 terrarum
707 3224 823 3300 populos
836 3223 938 3282 fadum
952 3225 1004 3282 elle
1023 3222 1107 3282 modo
1119 3221 1149 3283 in
1162 3225 1254 3286 multia
1270 3231 1355 3291 modo

377 3312 404 3373 iu
413 3315 511 3394 paucis
529 3313 701 3373 manifestum
715 3315 761 3371 est.
801 3312 846 3371 Ita
862 3315 1006 3380 Saturnus,
1025 3314 1146 3380 Faunus,
1166 3314 1264 3391 Janus,
1283 3319 1356 3382 inter

379 3405 469 3464 barini
483 3402 603 3480 majores
619 3403 698 3461 relati
708 3402 780 3469 sunt,
790 3402 838 3480 qui
851 3418 944 3460 tamen
957 3402 1108 3479 symbolica
1117 3402 1229 3464 fuerunt
1242 3412 1355 3470 nomina

378 3514 409 3553 ac
419 3496 509 3574 ligna,
527 3492 629 3572 quibus
643 3493 734 3550 varias
746 3513 788 3551 res
801 3493 925 3570 phyficas
936 3508 964 3551 et
983 3492 1088 3552 ethicas
1100 3490 1260 3556 declarabat
1274 3514 1355 3559 vetut

378 3587 474 3654 Italia;
497 3600 528 3642 ut
542 3584 597 3642 alio
609 3585 673 3642 loco
690 3583 854 3642 videbimus.

415 3677 470 3735 Sed
488 3674 624 3749 majorem
637 3673 761 3732 mutandi
775 3672 853 3731 etad
866 3673 1042 3752 peregrinam
1062 3675 1183 3734 indolem
1195 3676 1357 3740 inlledlendi

379 3770 486 3847 mythos
509 3765 627 3825 Latinos
641 3764 792 3832 licentiam,
813 3771 889 3823 terrio
908 3767 1020 3843 quidem
1033 3768 1107 3833 loco,
1127 3768 1218 3826 attulit
1230 3769 1356 3835 insanum

377 3858 547 3919 Graecanicae
562 3854 694 3914 dodlrinae
709 3853 739 3912 in
751 3853 855 3933 patrias
866 3853 990 3913 historias
1004 3871 1032 3912 et
1045 3856 1193 3934 religiones
1206 3856 1357 3924 inferendae

378 3950 493 4009 lludium
506 3948 580 4005 inter
593 3945 746 4011 Romanos,
766 3943 841 4021 quod
861 3964 878 4002 a
892 3944 1016 4023 pluribus
1034 3948 1128 4011 caulis
1140 3948 1293 4025 profestum
1308 3954 1356 4012 est.
1462 3975 1465 3981 ¹

377 4041 481 4100 Partim
491 4035 568 4096 enim
578 4034 733 4093 domesticae
745 4034 863 4092 billoriae
884 4033 1046 4111 antiquioris
1066 4036 1234 4115 ignorantia,
1253 4057 1282 4099 et
1294 4045 1355 4122 ple-

378 4130 436 4190 uior
445 4125 659 4208 expeditiorque
674 4125 836 4182 Graecarum
856 4144 949 4184 rerum
962 4125 1099 4203 cognitio,
1119 4128 1219 4206 partim
1241 4129 1354 4190 Graeco-

376 4240 435 4281 uum
447 4217 639 4279 attudeorum
649 4216 806 4293 exemplum
817 4214 848 4273 ia
857 4214 1012 4294 originibus
1023 4216 1123 4274 veteris
1137 4216 1225 4275 Italia
1245 4219 1356 4278 eGrae·

378 4307 603 4372 cinarceffendia,
617 4324 768 4381 corumque
781 4304 816 4362 de
834 4321 959 4363 veterum
973 4305 1151 4386 Pelasgorum
1164 4307 1355 4371 communibus

376 4420 440 4460 cum
449 4399 589 4459 Ausonum
598 4395 644 4454 nel
654 4388 841 4473 Aboriginum
852 4412 936 4473 gente
946 4393 1052 4454 sedibus
1071 4402 1115 4474 (v.
1125 4395 1181 4471 sup.
1191 4415 1220 4473 p.
1236 4396 1352 4476 129sq.)

382 4491 497 4552 mincio
507 4503 536 4548 et
548 4484 710 4565 disputatio,
733 4484 834 4560 partim
848 4485 968 4563 denique
981 4483 1169 4543 animadversa
1182 4483 1211 4541 in
1222 4488 1358 4547 nonnullis
1478 4501 1481 4509 '

382 4574 673 4657 Gtaeceuioaeoriginit
682 4589 711 4634 et
720 4574 822 4655 linguae
836 4574 951 4653 vestigia
964 4594 998 4633 eo
1012 4574 1184 4634 adduxerant
1193 4575 1305 4644 multos,
1327 4593 1357 4637 ut

381 4672 479 4741 omnia,
498 4689 560 4750 qua
580 4666 612 4729 iu
630 4664 795 4744 antiquitate
817 4664 905 4726 Italiae
919 4664 1034 4724 obscura
1051 4679 1080 4726 et
1099 4685 1196 4744 parurn
1213 4670 1358 4746 explorata

1265 4758 1359 4825 essent,
