<?xml version="1.0" encoding="UTF-8"?>
<!DOCTYPE html PUBLIC "-//W3C//DTD XHTML 1.0 Transitional//EN"
    "http://www.w3.org/TR/xhtml1/DTD/xhtml1-transitional.dtd">
<html xmlns="http://www.w3.org/1999/xhtml" xml:lang="en" lang="en">
 <head>
  <title>
</title>
<meta http-equiv="Content-Type" content="text/html;charset=utf-8" />
  <meta name='ocr-system' content='tesseract 3.04.00' />
  <meta name='ocr-capabilities' content='ocr_page ocr_carea ocr_par ocr_line ocrx_word'/>
</head>
<body>
  <div class='ocr_page' id='page_1' title='image "./operavarietatel01virggoog_0608.png"; bbox 0 0 3475 6234; ppageno 0'>
   <div class='ocr_carea' id='block_1_1' title="bbox 434 558 2820 840">
    <p class='ocr_par' dir='ltr' id='par_1_1' title="bbox 434 558 2820 840">
     <span class='ocr_line' id='line_1_1' title="bbox 434 558 2820 840; baseline 0 5394"><span class='ocrx_word' id='word_1_1' title='bbox 434 558 2820 840; x_wconf 95' lang='lat' dir='ltr'><strong> </strong></span> 
     </span>
    </p>
   </div>
   <div class='ocr_carea' id='block_1_2' title="bbox 450 3540 2840 5400">
    <p class='ocr_par' dir='ltr' id='par_1_2' title="bbox 450 3540 2840 5400">
     <span class='ocr_line' id='line_1_2' title="bbox 450 3540 2840 5400; baseline 0 0"><span class='ocrx_word' id='word_1_2' title='bbox 450 3540 2840 5400; x_wconf 95' lang='lat' dir='ltr'><strong> </strong></span> 
     </span>
    </p>
   </div>
   <div class='ocr_carea' id='block_1_3' title="bbox 2440 870 2453 881">
    <p class='ocr_par' dir='ltr' id='par_1_3' title="bbox 2440 870 2453 881">
     <span class='ocr_line' id='line_1_3' title="bbox 2440 870 2453 881; baseline 0 0"><span class='ocrx_word' id='word_1_3' title='bbox 2440 870 2453 881; x_wconf 50' lang='grc' dir='ltr'>κ</span> 
     </span>
    </p>
   </div>
   <div class='ocr_carea' id='block_1_4' title="bbox 733 1238 2167 1320">
    <p class='ocr_par' dir='ltr' id='par_1_4' title="bbox 733 1238 2167 1320">
     <span class='ocr_line' id='line_1_4' title="bbox 733 1238 2167 1320; baseline -0.002 -1"><span class='ocrx_word' id='word_1_4' title='bbox 733 1249 878 1320; x_wconf 70' lang='lat' dir='ltr'><strong>6oe</strong></span> <span class='ocrx_word' id='word_1_5' title='bbox 1292 1238 2167 1316; x_wconf 87' lang='lat' dir='ltr'>EXCURSUSI</span> 
     </span>
    </p>
   </div>
   <div class='ocr_carea' id='block_1_5' title="bbox 719 1431 2775 3248">
    <p class='ocr_par' dir='ltr' id='par_1_5' title="bbox 719 1431 2775 3248">
     <span class='ocr_line' id='line_1_5' title="bbox 740 1431 2751 1516; baseline 0 -20"><span class='ocrx_word' id='word_1_6' title='bbox 740 1455 880 1516; x_wconf 76' lang='lat'><strong>597.</strong></span> <span class='ocrx_word' id='word_1_7' title='bbox 960 1434 1035 1493; x_wconf 91' lang='lat' dir='ltr'><strong>Et</strong></span> <span class='ocrx_word' id='word_1_8' title='bbox 1060 1431 1236 1490; x_wconf 85' lang='lat' dir='ltr'><strong>Ovid.</strong></span> <span class='ocrx_word' id='word_1_9' title='bbox 1270 1432 1412 1489; x_wconf 87' lang='lat' dir='ltr'><strong>XIV</strong></span> <span class='ocrx_word' id='word_1_10' title='bbox 1435 1434 1584 1490; x_wconf 85' lang='lat' dir='ltr'><strong>Met.</strong></span> <span class='ocrx_word' id='word_1_11' title='bbox 1630 1451 1745 1511; x_wconf 82' lang='lat'><strong>509</strong></span> <span class='ocrx_word' id='word_1_12' title='bbox 1785 1432 1847 1491; x_wconf 67' lang='lat' dir='ltr'><strong>Sa·</strong></span> <span class='ocrx_word' id='word_1_13' title='bbox 1869 1431 2142 1494; x_wconf 78' lang='lat' dir='ltr'><strong>volucrum</strong></span> <span class='ocrx_word' id='word_1_14' title='bbox 2165 1437 2402 1516; x_wconf 78' lang='lat' dir='ltr'><em>quaefit</em></span> <span class='ocrx_word' id='word_1_15' title='bbox 2432 1432 2751 1512; x_wconf 53' lang='lat' dir='ltr'><strong>subitura</strong></span> 
     </span>
     <span class='ocr_line' id='line_1_6' title="bbox 719 1523 2751 1607; baseline 0.002 -24"><span class='ocrx_word' id='word_1_16' title='bbox 719 1533 911 1607; x_wconf 76' lang='lat' dir='ltr'><strong>forma</strong></span> <span class='ocrx_word' id='word_1_17' title='bbox 946 1530 1190 1603; x_wconf 73' lang='lat' dir='ltr'><em>requiris,</em></span> <span class='ocrx_word' id='word_1_18' title='bbox 1222 1525 1293 1580; x_wconf 83' lang='lat' dir='ltr'><strong>Ut</strong></span> <span class='ocrx_word' id='word_1_19' title='bbox 1336 1545 1429 1578; x_wconf 88' lang='lat' dir='ltr'><strong>non</strong></span> <span class='ocrx_word' id='word_1_20' title='bbox 1467 1545 1750 1600; x_wconf 63' lang='lat' dir='ltr'><strong>fygnorum,</strong></span> <span class='ocrx_word' id='word_1_21' title='bbox 1780 1526 1864 1602; x_wconf 83' lang='lat' dir='ltr'><strong>stc</strong></span> <span class='ocrx_word' id='word_1_22' title='bbox 1899 1523 2038 1584; x_wconf 79' lang='lat' dir='ltr'><em>albis</em></span> <span class='ocrx_word' id='word_1_23' title='bbox 2081 1532 2329 1604; x_wconf 62' lang='lat' dir='ltr'><strong>proxima</strong></span> <span class='ocrx_word' id='word_1_24' title='bbox 2372 1533 2586 1606; x_wconf 52' lang='grc' dir='ltr'><strong>σφῆς.</strong></span> <span class='ocrx_word' id='word_1_25' title='bbox 2665 1525 2751 1587; x_wconf 78' lang='lat' dir='ltr'><strong>At</strong></span> 
     </span>
     <span class='ocr_line' id='line_1_7' title="bbox 740 1615 2775 1698; baseline 0 -20"><span class='ocrx_word' id='word_1_26' title='bbox 740 1619 970 1678; x_wconf 87' lang='lat' dir='ltr'><strong>Servius</strong></span> <span class='ocrx_word' id='word_1_27' title='bbox 1001 1617 1072 1674; x_wconf 89' lang='lat' dir='ltr'><strong>ad</strong></span> <span class='ocrx_word' id='word_1_28' title='bbox 1099 1616 1203 1682; x_wconf 90' lang='lat' dir='ltr'><strong>XI,</strong></span> <span class='ocrx_word' id='word_1_29' title='bbox 1247 1636 1313 1692; x_wconf 90' lang='lat'><strong>27</strong></span> <span class='ocrx_word' id='word_1_30' title='bbox 1332 1634 1351 1673; x_wconf 87' lang='lat'>1</span> <span class='ocrx_word' id='word_1_31' title='bbox 1400 1630 1459 1673; x_wconf 84' lang='lat' dir='ltr'><strong>et</strong></span> <span class='ocrx_word' id='word_1_32' title='bbox 1483 1617 1735 1674; x_wconf 80' lang='lat' dir='ltr'><strong>Tzetzes</strong></span> <span class='ocrx_word' id='word_1_33' title='bbox 1757 1615 1829 1673; x_wconf 85' lang='lat' dir='ltr'><strong>ad</strong></span> <span class='ocrx_word' id='word_1_34' title='bbox 1853 1617 2147 1696; x_wconf 78' lang='lat' dir='ltr'><strong>Lycophr.</strong></span> <span class='ocrx_word' id='word_1_35' title='bbox 2173 1619 2213 1679; x_wconf 83' lang='lat'><strong>1.</strong></span> <span class='ocrx_word' id='word_1_36' title='bbox 2231 1640 2285 1681; x_wconf 81' lang='lat' dir='ltr'><strong>c.</strong></span> <span class='ocrx_word' id='word_1_37' title='bbox 2327 1620 2543 1698; x_wconf 68' lang='grc' dir='ltr'><strong>ὶςυδιὲε</strong></span> <span class='ocrx_word' id='word_1_38' title='bbox 2568 1619 2745 1679; x_wconf 74' lang='lat' dir='ltr'><strong>inoer-</strong></span> <span class='ocrx_word' id='word_1_39' title='bbox 2770 1690 2775 1695; x_wconf 40' lang='grc'><strong>,</strong></span> 
     </span>
     <span class='ocr_line' id='line_1_8' title="bbox 739 1704 2740 1789; baseline 0 -22"><span class='ocrx_word' id='word_1_40' title='bbox 739 1723 1056 1789; x_wconf 67' lang='lat' dir='ltr'><strong>premitur,</strong></span> <span class='ocrx_word' id='word_1_41' title='bbox 1111 1726 1232 1783; x_wconf 82' lang='lat' dir='ltr'><strong>quae</strong></span> <span class='ocrx_word' id='word_1_42' title='bbox 1285 1708 1461 1762; x_wconf 80' lang='lat' dir='ltr'><strong>ardeae</strong></span> <span class='ocrx_word' id='word_1_43' title='bbox 1500 1705 1711 1774; x_wconf 78' lang='lat' dir='ltr'><strong>effent3</strong></span> <span class='ocrx_word' id='word_1_44' title='bbox 1771 1704 1977 1765; x_wconf 74' lang='lat' dir='ltr'><strong>sedhis</strong></span> <span class='ocrx_word' id='word_1_45' title='bbox 2023 1706 2124 1767; x_wconf 81' lang='lat' dir='ltr'><strong>vix</strong></span> <span class='ocrx_word' id='word_1_46' title='bbox 2163 1708 2453 1769; x_wconf 79' lang='lat' dir='ltr'>accenseri</span> <span class='ocrx_word' id='word_1_47' title='bbox 2495 1710 2740 1787; x_wconf 75' lang='lat' dir='ltr'><strong>poss&#39;unt-</strong></span> 
     </span>
     <span class='ocr_line' id='line_1_9' title="bbox 748 1794 2740 1879; baseline 0 -21"><span class='ocrx_word' id='word_1_48' title='bbox 748 1803 950 1879; x_wconf 89' lang='lat' dir='ltr'><strong>(Nune</strong></span> <span class='ocrx_word' id='word_1_49' title='bbox 979 1800 1136 1876; x_wconf 81' lang='lat' dir='ltr'><strong>plura</strong></span> <span class='ocrx_word' id='word_1_50' title='bbox 1164 1795 1233 1853; x_wconf 90' lang='lat' dir='ltr'><strong>de</strong></span> <span class='ocrx_word' id='word_1_51' title='bbox 1271 1796 1355 1852; x_wconf 86' lang='lat' dir='ltr'><strong>his</strong></span> <span class='ocrx_word' id='word_1_52' title='bbox 1377 1796 1544 1854; x_wconf 82' lang='lat' dir='ltr'><strong>allata</strong></span> <span class='ocrx_word' id='word_1_53' title='bbox 1565 1795 1683 1854; x_wconf 89' lang='lat' dir='ltr'><strong>sunt</strong></span> <span class='ocrx_word' id='word_1_54' title='bbox 1704 1814 1739 1853; x_wconf 83' lang='lat' dir='ltr'><strong>a</strong></span> <span class='ocrx_word' id='word_1_55' title='bbox 1773 1794 2135 1858; x_wconf 82' lang='lat' dir='ltr'><strong>Beckmanno</strong></span> <span class='ocrx_word' id='word_1_56' title='bbox 2155 1798 2225 1857; x_wconf 69' lang='lat' dir='ltr'><strong>ad</strong></span> <span class='ocrx_word' id='word_1_57' title='bbox 2256 1798 2484 1860; x_wconf 78' lang='lat' dir='ltr'><strong>Mirab.</strong></span> <span class='ocrx_word' id='word_1_58' title='bbox 2538 1797 2740 1861; x_wconf 80' lang='lat' dir='ltr'><strong>Audit.</strong></span> 
     </span>
     <span class='ocr_line' id='line_1_10' title="bbox 743 1887 2739 1972; baseline -0.001 -18"><span class='ocrx_word' id='word_1_59' title='bbox 743 1914 800 1954; x_wconf 85' lang='lat' dir='ltr'><strong>c.</strong></span> <span class='ocrx_word' id='word_1_60' title='bbox 862 1898 935 1951; x_wconf 87' lang='lat'><strong>80</strong></span> <span class='ocrx_word' id='word_1_61' title='bbox 979 1912 1035 1969; x_wconf 91' lang='lat' dir='ltr'><strong>p.</strong></span> <span class='ocrx_word' id='word_1_62' title='bbox 1089 1908 1192 1967; x_wconf 79' lang='lat'><strong>¹57</strong></span> <span class='ocrx_word' id='word_1_63' title='bbox 1245 1887 1323 1963; x_wconf 91' lang='lat' dir='ltr'><strong>sq.</strong></span> <span class='ocrx_word' id='word_1_64' title='bbox 1406 1887 1536 1944; x_wconf 86' lang='lat' dir='ltr'><strong>Hoc</strong></span> <span class='ocrx_word' id='word_1_65' title='bbox 1566 1907 1735 1946; x_wconf 88' lang='lat' dir='ltr'><strong>unum</strong></span> <span class='ocrx_word' id='word_1_66' title='bbox 1773 1887 2001 1956; x_wconf 77' lang='lat' dir='ltr'><strong>addam,</strong></span> <span class='ocrx_word' id='word_1_67' title='bbox 2045 1889 2243 1949; x_wconf 84' lang='lat' dir='ltr'><strong>haberi</strong></span> <span class='ocrx_word' id='word_1_68' title='bbox 2277 1911 2518 1972; x_wconf 79' lang='lat' dir='ltr'><strong>quoque</strong></span> <span class='ocrx_word' id='word_1_69' title='bbox 2544 1891 2739 1951; x_wconf 74' lang='lat' dir='ltr'><strong>avium</strong></span> 
     </span>
     <span class='ocr_line' id='line_1_11' title="bbox 742 1977 2751 2062; baseline -0 -19"><span class='ocrx_word' id='word_1_70' title='bbox 742 1985 1186 2047; x_wconf 85' lang='lat' dir='ltr'><strong>Diomedearum</strong></span> <span class='ocrx_word' id='word_1_71' title='bbox 1203 1977 1630 2053; x_wconf 84' lang='lat' dir='ltr'>descriptionem</span> <span class='ocrx_word' id='word_1_72' title='bbox 1658 1995 1715 2036; x_wconf 87' lang='lat' dir='ltr'><strong>et</strong></span> <span class='ocrx_word' id='word_1_73' title='bbox 1734 1979 2044 2058; x_wconf 83' lang='lat' dir='ltr'><strong>imaginem</strong></span> <span class='ocrx_word' id='word_1_74' title='bbox 2064 1981 2123 2041; x_wconf 90' lang='lat' dir='ltr'><strong>in</strong></span> <span class='ocrx_word' id='word_1_75' title='bbox 2151 1984 2403 2061; x_wconf 69' lang='lat' dir='ltr'><strong>Veryard</strong></span> <span class='ocrx_word' id='word_1_76' title='bbox 2423 1987 2665 2042; x_wconf 64' lang='lat' dir='ltr'><em>Accam</em></span> <span class='ocrx_word' id='word_1_77' title='bbox 2684 1987 2751 2062; x_wconf 60' lang='grc' dir='ltr'><strong>ς’</strong></span> 
     </span>
     <span class='ocr_line' id='line_1_12' title="bbox 743 2069 2737 2152; baseline -0.001 -18"><span class='ocrx_word' id='word_1_78' title='bbox 743 2081 933 2137; x_wconf 77' lang='lat' dir='ltr'><strong>divers</strong></span> <span class='ocrx_word' id='word_1_79' title='bbox 962 2075 1122 2129; x_wconf 84' lang='lat' dir='ltr'><strong>choice</strong></span> <span class='ocrx_word' id='word_1_80' title='bbox 1152 2071 1401 2126; x_wconf 77' lang='lat' dir='ltr'><strong>Remarks</strong></span> <span class='ocrx_word' id='word_1_81' title='bbox 1427 2070 1581 2127; x_wconf 83' lang='lat' dir='ltr'><em>taken</em></span> <span class='ocrx_word' id='word_1_82' title='bbox 1605 2075 1661 2127; x_wconf 80' lang='lat' dir='ltr'><strong>in</strong></span> <span class='ocrx_word' id='word_1_83' title='bbox 1682 2093 1717 2127; x_wconf 84' lang='lat' dir='ltr'><em>a</em></span> <span class='ocrx_word' id='word_1_84' title='bbox 1738 2069 1970 2148; x_wconf 58' lang='lat' dir='ltr'><strong>Journey</strong></span> <span class='ocrx_word' id='word_1_85' title='bbox 1998 2092 2057 2150; x_wconf 85' lang='lat' dir='ltr'><strong>p.</strong></span> <span class='ocrx_word' id='word_1_86' title='bbox 2091 2093 2227 2152; x_wconf 79' lang='lat'>359,</span> <span class='ocrx_word' id='word_1_87' title='bbox 2263 2091 2410 2150; x_wconf 80' lang='lat'>1701</span> <span class='ocrx_word' id='word_1_88' title='bbox 2451 2072 2562 2132; x_wconf 80' lang='lat' dir='ltr'><strong>fol.</strong></span> <span class='ocrx_word' id='word_1_89' title='bbox 2584 2097 2609 2143; x_wconf 59' lang='grc' dir='ltr'><em>ἦ</em></span> <span class='ocrx_word' id='word_1_90' title='bbox 2645 2072 2737 2133; x_wconf 77' lang='lat' dir='ltr'><strong>sed</strong></span> 
     </span>
     <span class='ocr_line' id='line_1_13' title="bbox 745 2159 2736 2237; baseline -0.002 -10"><span class='ocrx_word' id='word_1_91' title='bbox 745 2188 849 2228; x_wconf 91' lang='lat' dir='ltr'><strong>nec</strong></span> <span class='ocrx_word' id='word_1_92' title='bbox 897 2167 941 2223; x_wconf 88' lang='lat' dir='ltr'><strong>is</strong></span> <span class='ocrx_word' id='word_1_93' title='bbox 969 2161 1195 2222; x_wconf 86' lang='lat' dir='ltr'><strong>seientia</strong></span> <span class='ocrx_word' id='word_1_94' title='bbox 1238 2177 1449 2219; x_wconf 79' lang='lat' dir='ltr'><strong>naturae</strong></span> <span class='ocrx_word' id='word_1_95' title='bbox 1491 2160 1619 2219; x_wconf 76' lang='lat' dir='ltr'><strong>satis</strong></span> <span class='ocrx_word' id='word_1_96' title='bbox 1664 2159 1772 2220; x_wconf 88' lang='lat' dir='ltr'><strong>fuit</strong></span> <span class='ocrx_word' id='word_1_97' title='bbox 1813 2161 2149 2237; x_wconf 60' lang='lat' dir='ltr'><strong>instruatis.)</strong></span> <span class='ocrx_word' id='word_1_98' title='bbox 2245 2164 2421 2224; x_wconf 79' lang='lat' dir='ltr'><strong>Varie</strong></span> <span class='ocrx_word' id='word_1_99' title='bbox 2460 2180 2673 2224; x_wconf 74' lang='lat' dir='ltr'><strong>ornata</strong></span> <span class='ocrx_word' id='word_1_100' title='bbox 2701 2182 2736 2223; x_wconf 76' lang='lat' dir='ltr'>a</span> 
     </span>
     <span class='ocr_line' id='line_1_14' title="bbox 747 2252 2738 2337; baseline 0 -21"><span class='ocrx_word' id='word_1_101' title='bbox 747 2257 929 2337; x_wconf 76' lang='lat' dir='ltr'><strong>poetis</strong></span> <span class='ocrx_word' id='word_1_102' title='bbox 960 2256 1033 2315; x_wconf 89' lang='lat' dir='ltr'><strong>est</strong></span> <span class='ocrx_word' id='word_1_103' title='bbox 1080 2254 1264 2311; x_wconf 88' lang='lat' dir='ltr'>fabula</span> <span class='ocrx_word' id='word_1_104' title='bbox 1293 2253 1361 2310; x_wconf 92' lang='lat' dir='ltr'><strong>de</strong></span> <span class='ocrx_word' id='word_1_105' title='bbox 1390 2253 1550 2311; x_wconf 82' lang='lat' dir='ltr'><strong>sociis</strong></span> <span class='ocrx_word' id='word_1_106' title='bbox 1577 2252 1636 2312; x_wconf 88' lang='lat' dir='ltr'><strong>in</strong></span> <span class='ocrx_word' id='word_1_107' title='bbox 1661 2272 1794 2311; x_wconf 82' lang='lat' dir='ltr'><strong>aves</strong></span> <span class='ocrx_word' id='word_1_108' title='bbox 1837 2255 2062 2314; x_wconf 87' lang='lat' dir='ltr'><strong>mutatis</strong></span> <span class='ocrx_word' id='word_1_109' title='bbox 2092 2255 2183 2314; x_wconf 87' lang='lat' dir='ltr'><strong>seu</strong></span> <span class='ocrx_word' id='word_1_110' title='bbox 2211 2256 2350 2315; x_wconf 86' lang='lat' dir='ltr'><strong>vivo</strong></span> <span class='ocrx_word' id='word_1_111' title='bbox 2374 2256 2471 2315; x_wconf 83' lang='lat' dir='ltr'><strong>seu</strong></span> <span class='ocrx_word' id='word_1_112' title='bbox 2511 2272 2738 2316; x_wconf 78' lang='lat' dir='ltr'><strong>mortno</strong></span> 
     </span>
     <span class='ocr_line' id='line_1_15' title="bbox 744 2345 2736 2419; baseline -0.001 -11"><span class='ocrx_word' id='word_1_113' title='bbox 744 2349 1050 2414; x_wconf 86' lang='lat' dir='ltr'><strong>Diomede.</strong></span> <span class='ocrx_word' id='word_1_114' title='bbox 1159 2348 1245 2403; x_wconf 85' lang='lat' dir='ltr'><strong>Ita</strong></span> <span class='ocrx_word' id='word_1_115' title='bbox 1289 2345 1495 2419; x_wconf 84' lang='lat' dir='ltr'>Illyriis</span> <span class='ocrx_word' id='word_1_116' title='bbox 1550 2345 1946 2403; x_wconf 85' lang='lat' dir='ltr'>accedentibus</span> <span class='ocrx_word' id='word_1_117' title='bbox 1986 2345 2218 2412; x_wconf 81' lang='lat' dir='ltr'><strong>infestae,</strong></span> <span class='ocrx_word' id='word_1_118' title='bbox 2267 2347 2500 2406; x_wconf 75' lang='lat' dir='ltr'><strong>Graecis</strong></span> <span class='ocrx_word' id='word_1_119' title='bbox 2537 2347 2736 2406; x_wconf 65' lang='lat' dir='ltr'><strong>amica</strong></span> 
     </span>
     <span class='ocr_line' id='line_1_16' title="bbox 747 2436 2734 2505; baseline -0.003 -4"><span class='ocrx_word' id='word_1_120' title='bbox 747 2464 885 2501; x_wconf 79' lang='lat' dir='ltr'><strong>aves</strong></span> <span class='ocrx_word' id='word_1_121' title='bbox 913 2442 1015 2500; x_wconf 83' lang='lat' dir='ltr'><strong>esse</strong></span> <span class='ocrx_word' id='word_1_122' title='bbox 1046 2454 1280 2497; x_wconf 73' lang='lat' dir='ltr'><strong>narratae</strong></span> <span class='ocrx_word' id='word_1_123' title='bbox 1307 2437 1469 2497; x_wconf 87' lang='lat' dir='ltr'><strong>sunt:</strong></span> <span class='ocrx_word' id='word_1_124' title='bbox 1515 2436 1787 2496; x_wconf 86' lang='lat' dir='ltr'><strong>Antonin.</strong></span> <span class='ocrx_word' id='word_1_125' title='bbox 1814 2438 1856 2495; x_wconf 91' lang='lat' dir='ltr'><strong>l.</strong></span> <span class='ocrx_word' id='word_1_126' title='bbox 1886 2457 1942 2496; x_wconf 88' lang='lat' dir='ltr'><strong>e.</strong></span> <span class='ocrx_word' id='word_1_127' title='bbox 1991 2438 2139 2496; x_wconf 88' lang='lat' dir='ltr'><strong>Plin.</strong></span> <span class='ocrx_word' id='word_1_128' title='bbox 2181 2438 2221 2496; x_wconf 88' lang='lat'><strong>1.</strong></span> <span class='ocrx_word' id='word_1_129' title='bbox 2265 2457 2323 2496; x_wconf 82' lang='lat' dir='ltr'><strong>e.</strong></span> <span class='ocrx_word' id='word_1_130' title='bbox 2367 2438 2578 2498; x_wconf 78' lang='lat' dir='ltr'><strong>Strabo</strong></span> <span class='ocrx_word' id='word_1_131' title='bbox 2618 2439 2734 2505; x_wconf 82' lang='lat' dir='ltr'><strong>VI,</strong></span> 
     </span>
     <span class='ocr_line' id='line_1_17' title="bbox 747 2526 2736 2612; baseline 0.001 -27"><span class='ocrx_word' id='word_1_132' title='bbox 747 2556 807 2612; x_wconf 87' lang='lat' dir='ltr'><strong>p.</strong></span> <span class='ocrx_word' id='word_1_133' title='bbox 839 2554 948 2611; x_wconf 78' lang='lat'><strong>435</strong></span> <span class='ocrx_word' id='word_1_134' title='bbox 985 2532 1061 2587; x_wconf 83' lang='lat' dir='ltr'><strong>A.</strong></span> <span class='ocrx_word' id='word_1_135' title='bbox 1104 2528 1311 2585; x_wconf 82' lang='lat' dir='ltr'><strong>AElian.</strong></span> <span class='ocrx_word' id='word_1_136' title='bbox 1354 2527 1433 2584; x_wconf 89' lang='lat' dir='ltr'><strong>H.</strong></span> <span class='ocrx_word' id='word_1_137' title='bbox 1460 2528 1537 2584; x_wconf 83' lang='lat' dir='ltr'><strong>A.</strong></span> <span class='ocrx_word' id='word_1_138' title='bbox 1568 2528 1620 2592; x_wconf 86' lang='grc' dir='ltr'><strong>Ι,</strong></span> <span class='ocrx_word' id='word_1_139' title='bbox 1654 2546 1708 2592; x_wconf 86' lang='lat'><strong>1,</strong></span> <span class='ocrx_word' id='word_1_140' title='bbox 1752 2526 1848 2584; x_wconf 89' lang='lat' dir='ltr'><strong>ubi</strong></span> <span class='ocrx_word' id='word_1_141' title='bbox 1874 2547 1932 2584; x_wconf 84' lang='lat' dir='ltr'><strong>v.</strong></span> <span class='ocrx_word' id='word_1_142' title='bbox 1974 2526 2302 2587; x_wconf 82' lang='lat' dir='ltr'><strong>Schneider.</strong></span> <span class='ocrx_word' id='word_1_143' title='bbox 2389 2526 2636 2587; x_wconf 82' lang='lat' dir='ltr'><strong>Recedit</strong></span> <span class='ocrx_word' id='word_1_144' title='bbox 2663 2527 2736 2586; x_wconf 82' lang='lat' dir='ltr'><strong>ab</strong></span> 
     </span>
     <span class='ocr_line' id='line_1_18' title="bbox 747 2616 2734 2695; baseline -0.003 -13"><span class='ocrx_word' id='word_1_145' title='bbox 747 2625 873 2682; x_wconf 84' lang='lat' dir='ltr'><strong>aliis</strong></span> <span class='ocrx_word' id='word_1_146' title='bbox 900 2625 1088 2680; x_wconf 60' lang='lat' dir='ltr'><strong>auetor</strong></span> <span class='ocrx_word' id='word_1_147' title='bbox 1118 2619 1184 2675; x_wconf 91' lang='lat' dir='ltr'><strong>de</strong></span> <span class='ocrx_word' id='word_1_148' title='bbox 1215 2616 1414 2676; x_wconf 86' lang='lat' dir='ltr'><strong>mirab.</strong></span> <span class='ocrx_word' id='word_1_149' title='bbox 1449 2616 1695 2674; x_wconf 81' lang='lat' dir='ltr'><strong>Auscult.</strong></span> <span class='ocrx_word' id='word_1_150' title='bbox 1730 2617 1772 2674; x_wconf 86' lang='lat' dir='ltr'><strong>l.</strong></span> <span class='ocrx_word' id='word_1_151' title='bbox 1800 2638 1879 2683; x_wconf 89' lang='lat' dir='ltr'><strong>c.‚</strong></span> <span class='ocrx_word' id='word_1_152' title='bbox 1923 2617 2020 2695; x_wconf 87' lang='lat' dir='ltr'><strong>qui</strong></span> <span class='ocrx_word' id='word_1_153' title='bbox 2047 2636 2181 2676; x_wconf 85' lang='lat' dir='ltr'><strong>aves</strong></span> <span class='ocrx_word' id='word_1_154' title='bbox 2208 2618 2451 2679; x_wconf 79' lang='lat' dir='ltr'><strong>extitiss’e</strong></span> <span class='ocrx_word' id='word_1_155' title='bbox 2476 2619 2560 2678; x_wconf 80' lang='lat' dir='ltr'><strong>ait</strong></span> <span class='ocrx_word' id='word_1_156' title='bbox 2589 2619 2734 2677; x_wconf 82' lang='lat' dir='ltr'><strong>Dio-</strong></span> 
     </span>
     <span class='ocr_line' id='line_1_19' title="bbox 748 2705 2734 2786; baseline -0.002 -16"><span class='ocrx_word' id='word_1_157' title='bbox 748 2713 910 2771; x_wconf 89' lang='lat' dir='ltr'><strong>mede</strong></span> <span class='ocrx_word' id='word_1_158' title='bbox 940 2711 1007 2768; x_wconf 81' lang='lat' dir='ltr'><strong>ab</strong></span> <span class='ocrx_word' id='word_1_159' title='bbox 1036 2711 1242 2772; x_wconf 64' lang='lat' dir='ltr'><strong>AEaeea,</strong></span> <span class='ocrx_word' id='word_1_160' title='bbox 1284 2705 1378 2783; x_wconf 84' lang='lat' dir='ltr'><strong>qui</strong></span> <span class='ocrx_word' id='word_1_161' title='bbox 1421 2728 1515 2763; x_wconf 85' lang='lat' dir='ltr'><strong>rex</strong></span> <span class='ocrx_word' id='word_1_162' title='bbox 1556 2705 1652 2763; x_wconf 87' lang='lat' dir='ltr'><strong>illa</strong></span> <span class='ocrx_word' id='word_1_163' title='bbox 1685 2705 1794 2764; x_wconf 86' lang='lat' dir='ltr'><strong>loca</strong></span> <span class='ocrx_word' id='word_1_164' title='bbox 1840 2707 2065 2774; x_wconf 80' lang='lat' dir='ltr'><strong>tenebat,</strong></span> <span class='ocrx_word' id='word_1_165' title='bbox 2113 2728 2214 2786; x_wconf 86' lang='lat' dir='ltr'><strong>per</strong></span> <span class='ocrx_word' id='word_1_166' title='bbox 2257 2707 2488 2768; x_wconf 77' lang='lat' dir='ltr'><strong>infidias</strong></span> <span class='ocrx_word' id='word_1_167' title='bbox 2524 2709 2734 2773; x_wconf 70' lang='lat' dir='ltr'><strong>occiso.</strong></span> 
     </span>
     <span class='ocr_line' id='line_1_20' title="bbox 752 2794 2734 2861; baseline -0.001 0"><span class='ocrx_word' id='word_1_168' title='bbox 752 2805 935 2861; x_wconf 87' lang='lat' dir='ltr'><strong>Potest</strong></span> <span class='ocrx_word' id='word_1_169' title='bbox 974 2803 1064 2861; x_wconf 67' lang='grc' dir='ltr'><strong>ὑπδ</strong></span> <span class='ocrx_word' id='word_1_170' title='bbox 1096 2808 1159 2856; x_wconf 65' lang='grc' dir='ltr'><strong>τέ</strong></span> <span class='ocrx_word' id='word_1_171' title='bbox 1191 2800 1332 2854; x_wconf 56' lang='grc' dir='ltr'><strong>Λῖνέε</strong></span> <span class='ocrx_word' id='word_1_172' title='bbox 1362 2795 1540 2853; x_wconf 84' lang='lat' dir='ltr'><strong>videri</strong></span> <span class='ocrx_word' id='word_1_173' title='bbox 1561 2794 1886 2857; x_wconf 71' lang='lat' dir='ltr'><strong>mutandum</strong></span> <span class='ocrx_word' id='word_1_174' title='bbox 1915 2797 1972 2855; x_wconf 88' lang='lat' dir='ltr'><strong>in</strong></span> <span class='ocrx_word' id='word_1_175' title='bbox 2015 2799 2106 2854; x_wconf 75' lang='grc' dir='ltr'><strong>ὑπὸ</strong></span> <span class='ocrx_word' id='word_1_176' title='bbox 2137 2803 2205 2855; x_wconf 72' lang='grc' dir='ltr'><strong>τῦ</strong></span> <span class='ocrx_word' id='word_1_177' title='bbox 2230 2801 2404 2855; x_wconf 64' lang='grc' dir='ltr'><strong>Διί-ιε</strong></span> <span class='ocrx_word' id='word_1_178' title='bbox 2427 2821 2444 2856; x_wconf 88' lang='lat'>:</span> <span class='ocrx_word' id='word_1_179' title='bbox 2492 2800 2568 2859; x_wconf 77' lang='lat' dir='ltr'><strong>sic</strong></span> <span class='ocrx_word' id='word_1_180' title='bbox 2588 2801 2734 2859; x_wconf 80' lang='lat' dir='ltr'><strong>enim</strong></span> 
     </span>
     <span class='ocr_line' id='line_1_21' title="bbox 748 2873 2734 2970; baseline -0.002 -17"><span class='ocrx_word' id='word_1_181' title='bbox 748 2896 885 2954; x_wconf 84' lang='lat' dir='ltr'><strong>olim</strong></span> <span class='ocrx_word' id='word_1_182' title='bbox 917 2891 1162 2951; x_wconf 85' lang='lat' dir='ltr'><strong>nonnulli</strong></span> <span class='ocrx_word' id='word_1_183' title='bbox 1191 2887 1557 2947; x_wconf 85' lang='lat' dir='ltr'><strong>tradiderant.</strong></span> <span class='ocrx_word' id='word_1_184' title='bbox 1584 2908 1640 2943; x_wconf 84' lang='lat' dir='ltr'><strong>v.</strong></span> <span class='ocrx_word' id='word_1_185' title='bbox 1672 2888 1862 2945; x_wconf 86' lang='lat' dir='ltr'><strong>Schol.</strong></span> <span class='ocrx_word' id='word_1_186' title='bbox 1894 2888 2188 2967; x_wconf 85' lang='lat' dir='ltr'><strong>Lycophr.</strong></span> <span class='ocrx_word' id='word_1_187' title='bbox 2212 2888 2283 2946; x_wconf 86' lang='lat' dir='ltr'><strong>ad</strong></span> <span class='ocrx_word' id='word_1_188' title='bbox 2307 2873 2367 2946; x_wconf 57' lang='lat' dir='ltr'><strong>vs</strong></span> <span class='ocrx_word' id='word_1_189' title='bbox 2397 2890 2520 2970; x_wconf 87' lang='lat'><strong>603</strong></span> <span class='ocrx_word' id='word_1_190' title='bbox 2547 2913 2567 2959; x_wconf 67' lang='grc' dir='ltr'>ς</span> <span class='ocrx_word' id='word_1_191' title='bbox 2607 2910 2734 2950; x_wconf 77' lang='lat' dir='ltr'><strong>nam</strong></span> 
     </span>
     <span class='ocr_line' id='line_1_22' title="bbox 750 2976 2736 3046; baseline -0.001 -4"><span class='ocrx_word' id='word_1_192' title='bbox 750 2984 984 3042; x_wconf 87' lang='lat' dir='ltr'><strong>omnino</strong></span> <span class='ocrx_word' id='word_1_193' title='bbox 1012 2979 1244 3038; x_wconf 83' lang='lat' dir='ltr'><strong>diversae</strong></span> <span class='ocrx_word' id='word_1_194' title='bbox 1274 2977 1341 3033; x_wconf 89' lang='lat' dir='ltr'><strong>de</strong></span> <span class='ocrx_word' id='word_1_195' title='bbox 1369 2976 1663 3035; x_wconf 80' lang='lat' dir='ltr'><strong>Diomedis</strong></span> <span class='ocrx_word' id='word_1_196' title='bbox 1684 2990 1866 3035; x_wconf 88' lang='lat' dir='ltr'><strong>morte</strong></span> <span class='ocrx_word' id='word_1_197' title='bbox 1886 2994 2042 3036; x_wconf 85' lang='lat' dir='ltr'><strong>erant</strong></span> <span class='ocrx_word' id='word_1_198' title='bbox 2067 2979 2443 3046; x_wconf 83' lang='lat' dir='ltr'><strong>narrationes,</strong></span> <span class='ocrx_word' id='word_1_199' title='bbox 2474 2996 2736 3042; x_wconf 75' lang='lat' dir='ltr'><strong>monente</strong></span> 
     </span>
     <span class='ocr_line' id='line_1_23' title="bbox 756 3068 2734 3147; baseline -0.002 -10"><span class='ocrx_word' id='word_1_200' title='bbox 756 3077 1034 3137; x_wconf 81' lang='lat' dir='ltr'><strong>Strabone</strong></span> <span class='ocrx_word' id='word_1_201' title='bbox 1056 3076 1094 3131; x_wconf 92' lang='lat' dir='ltr'><strong>l.</strong></span> <span class='ocrx_word' id='word_1_202' title='bbox 1120 3094 1168 3131; x_wconf 89' lang='lat' dir='ltr'><strong>c.</strong></span> <span class='ocrx_word' id='word_1_203' title='bbox 1200 3092 1255 3147; x_wconf 84' lang='lat' dir='ltr'><strong>p.</strong></span> <span class='ocrx_word' id='word_1_204' title='bbox 1285 3069 1422 3146; x_wconf 86' lang='lat'><strong>436.</strong></span> <span class='ocrx_word' id='word_1_205' title='bbox 1505 3068 1599 3126; x_wconf 91' lang='lat' dir='ltr'><strong>De</strong></span> <span class='ocrx_word' id='word_1_206' title='bbox 1618 3070 1800 3129; x_wconf 84' lang='lat' dir='ltr'><strong>AEnea</strong></span> <span class='ocrx_word' id='word_1_207' title='bbox 1819 3070 2072 3147; x_wconf 87' lang='lat' dir='ltr'><strong>cogitare</strong></span> <span class='ocrx_word' id='word_1_208' title='bbox 2088 3076 2199 3129; x_wconf 87' lang='lat' dir='ltr'><strong>n‘on</strong></span> <span class='ocrx_word' id='word_1_209' title='bbox 2225 3070 2396 3130; x_wconf 86' lang='lat' dir='ltr'><strong>licet:</strong></span> <span class='ocrx_word' id='word_1_210' title='bbox 2445 3094 2582 3132; x_wconf 83' lang='lat' dir='ltr'><strong>nam</strong></span> <span class='ocrx_word' id='word_1_211' title='bbox 2601 3093 2734 3133; x_wconf 85' lang='lat' dir='ltr'><strong>eon·</strong></span> 
     </span>
     <span class='ocr_line' id='line_1_24' title="bbox 751 3158 2731 3248; baseline -0.001 -21"><span class='ocrx_word' id='word_1_212' title='bbox 751 3170 991 3248; x_wconf 79' lang='lat' dir='ltr'><strong>gressum</strong></span> <span class='ocrx_word' id='word_1_213' title='bbox 1021 3186 1144 3223; x_wconf 86' lang='lat' dir='ltr'><strong>eum</strong></span> <span class='ocrx_word' id='word_1_214' title='bbox 1176 3182 1302 3220; x_wconf 88' lang='lat' dir='ltr'><strong>cum</strong></span> <span class='ocrx_word' id='word_1_215' title='bbox 1344 3158 1623 3217; x_wconf 87' lang='lat' dir='ltr'><strong>Diomede</strong></span> <span class='ocrx_word' id='word_1_216' title='bbox 1663 3177 1830 3217; x_wconf 87' lang='lat' dir='ltr'><strong>nemo</strong></span> <span class='ocrx_word' id='word_1_217' title='bbox 1858 3171 2110 3219; x_wconf 82' lang='lat' dir='ltr'><strong>veterum</strong></span> <span class='ocrx_word' id='word_1_218' title='bbox 2148 3160 2406 3229; x_wconf 79' lang='lat' dir='ltr'><strong>tradidit,</strong></span> <span class='ocrx_word' id='word_1_219' title='bbox 2461 3163 2731 3225; x_wconf 76' lang='lat' dir='ltr'><strong>Pausania</strong></span> 
     </span>
    </p>
   </div>
   <div class='ocr_carea' id='block_1_6' title="bbox 752 3252 2730 3423">
    <p class='ocr_par' dir='ltr' id='par_1_6' title="bbox 752 3252 2730 3423">
     <span class='ocr_line' id='line_1_25' title="bbox 752 3252 2730 3423; baseline -0.005 -12"><span class='ocrx_word' id='word_1_220' title='bbox 752 3259 1028 3410; x_wconf 39' lang='lat' dir='ltr'><strong>tessnlllss</strong></span> <span class='ocrx_word' id='word_1_221' title='bbox 1048 3252 1698 3404; x_wconf 50' lang='lat' dir='ltr'><strong>I:idiulicfeornmemorare</strong></span> <span class='ocrx_word' id='word_1_222' title='bbox 1720 3340 1905 3415; x_wconf 79' lang='lat' dir='ltr'><strong>juvat,</strong></span> <span class='ocrx_word' id='word_1_223' title='bbox 1949 3338 2100 3418; x_wconf 87' lang='lat' dir='ltr'><strong>quod</strong></span> <span class='ocrx_word' id='word_1_224' title='bbox 2131 3338 2339 3400; x_wconf 86' lang='lat' dir='ltr'><strong>Plinius</strong></span> <span class='ocrx_word' id='word_1_225' title='bbox 2362 3341 2472 3401; x_wconf 86' lang='lat' dir='ltr'><strong>lib.</strong></span> <span class='ocrx_word' id='word_1_226' title='bbox 2505 3345 2655 3411; x_wconf 86' lang='lat' dir='ltr'>XII,</span> <span class='ocrx_word' id='word_1_227' title='bbox 2699 3363 2730 3423; x_wconf 80' lang='lat'>3</span> 
     </span>
    </p>
   </div>
   <div class='ocr_carea' id='block_1_7' title="bbox 753 3431 2736 3532">
    <p class='ocr_par' dir='ltr' id='par_1_7' title="bbox 753 3431 2736 3532">
     <span class='ocr_line' id='line_1_26' title="bbox 753 3431 2736 3532; baseline -0.004 -31"><span class='ocrx_word' id='word_1_228' title='bbox 753 3443 977 3501; x_wconf 85' lang='lat' dir='ltr'><strong>notavit</strong></span> <span class='ocrx_word' id='word_1_229' title='bbox 1025 3446 1123 3515; x_wconf 83' lang='lat' dir='ltr'><strong>(ex</strong></span> <span class='ocrx_word' id='word_1_230' title='bbox 1151 3433 1538 3532; x_wconf 78' lang='lat' dir='ltr'><strong>Theophrasto</strong></span> <span class='ocrx_word' id='word_1_231' title='bbox 1564 3432 1642 3490; x_wconf 87' lang='lat' dir='ltr'><strong>H.</strong></span> <span class='ocrx_word' id='word_1_232' title='bbox 1693 3432 1871 3490; x_wconf 84' lang='lat' dir='ltr'><strong>Plant.</strong></span> <span class='ocrx_word' id='word_1_233' title='bbox 1902 3433 2015 3496; x_wconf 87' lang='lat' dir='ltr'><strong>lv,</strong></span> <span class='ocrx_word' id='word_1_234' title='bbox 2043 3432 2141 3507; x_wconf 85' lang='lat'><strong>7),</strong></span> <span class='ocrx_word' id='word_1_235' title='bbox 2181 3431 2425 3507; x_wconf 83' lang='lat' dir='ltr'><strong>primam</strong></span> <span class='ocrx_word' id='word_1_236' title='bbox 2460 3435 2736 3513; x_wconf 56' lang='lat' dir='ltr'><strong>platena</strong></span> 
     </span>
    </p>
   </div>
  </div>
 </body>
</html>
