3475 6234
640 853 725 928 no
764 852 1019 934 etenum
1055 861 1139 937 vn.
1303 891 1365 961 141

426 1051 569 1114 Habemus
579 1055 643 1132 jam
656 1072 832 1117 communem
847 1059 961 1118 Ausonii
972 1063 1083 1140 generis
1097 1063 1219 1144 stirpem,
1239 1066 1275 1126 de
1288 1066 1367 1144 cujus

388 1145 534 1204 remotiore
552 1145 665 1224 origine
677 1146 832 1225 inquirendi
848 1149 924 1208 locus
938 1170 1011 1210 nunc
1025 1172 1081 1211 non
1095 1155 1154 1223 ell3
1181 1158 1229 1215 etsi
1244 1159 1369 1231 proclive

386 1234 452 1291 essa
472 1233 588 1293 Celticis
607 1234 717 1314 populis
738 1255 800 1293 eam
824 1253 961 1315 repetere.
1000 1240 1045 1298 Ad
1071 1242 1203 1320 Ligures,
1226 1247 1366 1306 Ibericum

384 1340 485 1399 genus,
497 1325 562 1384 olim
572 1344 635 1382 earn
649 1326 768 1385 retulere
781 1325 927 1404 scriptores
941 1329 1015 1406 apud
1034 1331 1151 1408 Dionys.
1171 1336 1198 1401 l,
1217 1356 1260 1394 ro.
1302 1339 1364 1397 Ve-

385 1431 449 1473 rum
462 1433 514 1474 uec
522 1414 629 1474 definiri
641 1415 791 1494 quicquam
801 1415 831 1474 iu
844 1417 993 1495 agrestium
1002 1419 1128 1498 gentium
1139 1422 1294 1501 originibus
1306 1440 1364 1485 tam

383 1504 505 1581 antiquis
516 1506 615 1585 potest,
637 1525 689 1564 nee
702 1504 737 1563 ad
748 1524 831 1564 unum
842 1505 888 1565 sed
901 1507 937 1564 ad
949 1509 1039 1585 plures
1052 1529 1069 1566 e
1087 1510 1269 1589 septentrione
1278 1531 1307 1574 et
1316 1536 1367 1576 oc·

339 1644 344 1657 .
383 1594 494 1653 ridente
518 1595 699 1655 adventantes
718 1596 849 1655 barbaros
872 1599 989 1676 populos
1016 1598 1106 1677 prima
1129 1603 1264 1664 Italorum
1281 1606 1365 1688 origo

385 1686 529 1746 reserenda
546 1686 601 1745 esse
613 1686 735 1745 videtur.

420 1775 620 1855 Progredietur
632 1793 705 1834 nune
721 1774 756 1832 ad
770 1775 899 1841 alterum,
920 1776 997 1853 quod
1015 1777 1175 1856 posuimus:
1205 1800 1309 1842 novum
1330 1784 1361 1844 in

383 1865 503 1925 carmine
525 1868 618 1926 nollro
642 1866 797 1925 fabularum
823 1867 965 1933 ordinem,
991 1889 1059 1947 quas
1078 1871 1186 1930 Italicos
1198 1875 1293 1949 mythos
1311 1894 1363 1954 ap-

384 1957 475 2034 pelles,
492 1958 530 2016 ab
542 1957 638 2016 iisdem
658 1957 751 2036 priscis
765 1958 886 2036 populis,
913 1959 1095 2039 inprimisque
1114 1961 1151 2020 ab
1165 1964 1319 2023 Ausonibus
1332 1982 1363 2024 et

384 2046 599 2127 Aboriginibus,
608 2047 776 2127 procedere:
798 2046 882 2106 modo
896 2047 1108 2114 adolescentum,
1128 2050 1177 2127 qui
1188 2053 1362 2130 haeclegent,

380 2138 483 2198 runo
496 2159 532 2199 eo
546 2137 638 2198 adhuc
655 2136 866 2202 intenderimus,
891 2151 921 2194 ut
943 2138 1133 2198 Romanorum
1153 2139 1292 2217 originem
1305 2142 1361 2202 lin-

381 2243 495 2309 guaeque
508 2229 620 2288 Latinae
639 2229 742 2287 caussis
764 2227 811 2286 suo
824 2226 874 2304 ipsi
894 2225 1002 2301 judicio
1013 2248 1048 2287 ex
1061 2228 1245 2306 superioribus
1258 2230 1360 2292 intelli-

379 2334 470 2394 gant:
503 2340 570 2379 cunt
595 2317 717 2378 Romani
740 2318 914 2376 Albanorum
940 2319 1035 2377 coloni
1058 2318 1172 2386 suerint,
1198 2339 1233 2378 ex
1256 2322 1360 2382 Abori-

379 2408 485 2485 ginum,
505 2413 559 2470 hoc
570 2411 608 2468 cll
625 2409 776 2475 Ausonum,
798 2410 916 2487 genere,
937 2409 983 2467 sed
996 2429 1060 2468 cutm
1075 2409 1208 2489 Pelasgis,
1227 2411 1360 2490 Troianis

380 2515 410 2557 tc
427 2501 539 2560 Grecis
560 2499 661 2566 mixto,
685 2498 721 2556 ad
738 2496 949 2576 intelligendum
966 2497 996 2556 in
1013 2517 1125 2578 promtu
1138 2501 1185 2568 est,
1205 2501 1358 2564 sermonem

378 2588 564 2650 Romanusne
579 2589 688 2648 Latinis
706 2587 886 2666 inprimisque
899 2587 934 2645 ab
955 2588 1070 2647 Albanis
1088 2590 1256 2668 profestum,
1278 2611 1358 2652 corn·

378 2699 489 2740 munem
507 2680 680 2758 eundemque
700 2699 763 2738 cunt
785 2679 909 2736 sermone
923 2677 1078 2747 Ausonum,
1100 2678 1232 2760 hujusque
1251 2685 1356 2744 nonnisi

377 2766 525 2830 dialeslttm
536 2768 621 2836 fuisse,
641 2771 780 2828 excultum
794 2784 951 2845 temporum
964 2767 1093 2837 successu,
1116 2791 1181 2829 cum
1191 2787 1355 2834 caeterorum

379 2859 525 2919 Ausonicae
536 2859 622 2938 ffirpis
645 2859 810 2938 populorum
823 2857 911 2915 sermo
924 2857 1066 2937 antiquam
1091 2858 1265 2941 asperitatem
1286 2865 1355 2922 reti·
1438 2922 1443 2936 0

375 2950 482 3010 uuiffet.
519 2950 651 3010 Habuete
673 2949 761 3027 igitur
781 2948 878 3027 populi
897 2946 1002 3014 Italici,
1022 2947 1115 3026 primo
1136 2949 1204 3010 ritus
1228 2972 1262 3011 ac
1287 2955 1354 3013 reli·

335 3108 338 3117 ,
374 3040 481 3120 gioues,
503 3041 534 3101 in
554 3041 649 3100 multis
669 3040 780 3119 quidem
794 3038 868 3098 haud
887 3038 1047 3099 abludentes
1070 3061 1087 3099 a
1111 3041 1228 3110 Graecis,
1253 3060 1356 3104 caetera

374 3134 498 3212 proprias
513 3155 546 3193 ac
566 3132 748 3198 domesticas;
777 3130 933 3190 barbariem
947 3145 975 3188 et
996 3131 1136 3190 horridam
1150 3134 1311 3192 uetustatem
1324 3134 1353 3193 io

373 3223 407 3282 iis
422 3223 504 3283 facile
517 3221 663 3303 agnoscas,
682 3220 861 3300 inprimisque
876 3218 1087 3299 superstitiosum
1100 3221 1216 3281 deorum
1234 3241 1353 3290 metum,

371 3333 452 3392 quem
466 3312 531 3373 sane
551 3313 666 3389 injicere
689 3312 785 3370 animis
807 3326 934 3387 poterant
948 3331 1057 3388 magnae
1070 3332 1103 3370 ac
1124 3314 1228 3373 crebras
1248 3331 1353 3373 naturae

373 3405 562 3463 conversiones
573 3422 602 3463 et
613 3402 831 3481 perturbationes
842 3402 871 3460 in
880 3400 923 3458 his
936 3402 1005 3461 locis
1018 3423 1052 3461 ex
1067 3404 1232 3463 tremoribus
1244 3405 1303 3473 soli,
1318 3427 1353 3466 ex

373 3491 480 3572 ignibus
490 3495 687 3560 subterraneis,
700 3512 851 3571 eorumque
861 3492 1016 3570 eruptione,
1028 3515 1064 3555 ex
1073 3515 1208 3574 aquarum
1222 3498 1352 3576 stagnosi.

371 3594 422 3644 on'e
441 3588 627 3665 silvarumque
638 3585 756 3644 vaslitie.
797 3585 1041 3662 Necyomanteunt
1057 3586 1274 3647 Cimmeriorum
1293 3605 1353 3647 erat
1429 3586 1437 3601 '

370 3677 511 3737 infinibus
532 3677 827 3754 anthropophagorum
850 3677 1082 3753 Laestrygonum
1102 3677 1178 3736 sacra
1192 3679 1312 3736 humana
1323 3679 1352 3737 iu

372 3768 435 3828 locis
458 3766 495 3826 ad
522 3766 664 3832 Tiberim,
692 3764 777 3824 Fauni
795 3767 907 3824 oracula
929 3764 1104 3826 incubatione
1127 3767 1156 3826 io
1178 3768 1352 3827 vietimaruns

372 3861 497 3920 czfirum
510 3860 629 3938 pellibus
642 3875 768 3936 accepta.
809 3856 961 3916 Habebunt
974 3857 1059 3917 iidem
1073 3858 1178 3917 fabulas
1192 3875 1220 3918 et
1234 3862 1352 3920 narrati-

371 3969 434 4008 ones
446 3949 506 4008 suas
516 3970 534 4008 a
544 3947 695 4024 majoribus
708 3965 836 4025 acceptas
849 3948 929 4025 super
940 3948 1050 4027 origine
1063 3949 1108 4008 sua
1121 3969 1154 4008 ae
1175 3950 1266 4028 primo
1286 3952 1350 4010 vita

371 4040 454 4106 cultu,
467 4039 598 4117 symbolis
612 4039 671 4098 sere
685 4058 717 4096 ac
739 4036 895 4114 symbolicis
908 4038 1027 4115 personis
1050 4041 1197 4119 expressas,
1225 4040 1259 4098 ad
1282 4060 1349 4118 quas

372 4148 470 4210 magna
480 4150 545 4209 pars
556 4128 719 4188 Italicarum
733 4127 892 4185 fabularum
903 4128 986 4195 redit,
1000 4144 1059 4188 turn
1072 4129 1152 4208 super
1161 4129 1349 4188 illustrioribus

371 4220 471 4300 aliquot
484 4221 552 4280 viris
567 4221 612 4278 vel
623 4219 764 4285 heroibus,
787 4233 815 4274 et
829 4218 966 4277 nonnullis
980 4234 1084 4279 naturae
1097 4221 1202 4279 eventis
1217 4218 1348 4295 insignio

374 4311 453 4379 ribus,
480 4310 526 4370 sed
540 4309 666 4371 sabuloso
679 4309 727 4369 illo
746 4309 878 4369 sermonis
892 4324 920 4367 et
934 4309 1100 4369 narrationis
1120 4329 1223 4387 genere
1247 4309 1349 4384 exponi

373 4398 476 4471 solitas,
508 4420 601 4479 neque
617 4406 763 4477 positarum
777 4398 910 4477 ingeniis,
938 4413 968 4457 ut
991 4399 1064 4458 inter
1092 4400 1207 4457 Graecos
1234 4398 1347 4464 salium,

372 4491 504 4568 expolitas,
520 4508 549 4550 et
569 4508 702 4556 ornatass
736 4489 780 4547 sed
794 4488 850 4564 ipsa
868 4489 1026 4565 argumenti
1041 4487 1150 4546 tristitie
1164 4503 1210 4544 aut
1222 4487 1348 4546 steditate

371 4581 509 4647 mobiles,
532 4599 562 4639 ut
585 4581 622 4639 de
642 4582 721 4639 Caco
742 4580 861 4636 latrone.
901 4577 999 4655 Itaque
1019 4577 1111 4635 Italici
1132 4576 1223 4653 mythi
1236 4578 1348 4657 longea

373 4670 470 4729 Graes
493 4671 593 4730 sabulae
616 4670 750 4729 suavitate
765 4669 885 4735 absunt,
918 4686 969 4726 nec
985 4667 1103 4725 varietas
1117 4683 1199 4746 grata
1222 4667 1296 4733 inest,
1319 4685 1347 4724 et

1259 4756 1347 4828 major
1423 4812 1426 4823 ,
