3475 6234
470 828 1122 959 rnron1suu1‘rrours.
1197 980 1201 992 1
1280 892 1305 969 5

316 1073 384 1150 huc
400 1074 497 1149 sorte
507 1069 703 1170 ‘aliquoties
713 1069 847 1145 sisium
861 1069 928 1142 elie
944 1091 1073 1164 parum
1088 1086 1304 1166 opportune,
1436 1124 1442 1139 .

315 1222 387 1275 uon
404 1213 530 1274 tameo
544 1195 713 1270 oblivisci
738 1194 915 1269 debebant
931 1193 1000 1264 vin'
1016 1193 1112 1266 dosii
1128 1193 1180 1280 id,
1205 1190 1303 1289 quod

299 1321 391 1421 jam
404 1320 496 1395 olim
510 1316 642 1393 diserte
658 1317 794 1404 monui,
810 1340 870 1390 me
885 1312 1002 1387 feciffe
1015 1315 1053 1388 id
1068 1314 1189 1399 sedulo
1205 1315 1243 1388 in
1259 1313 1312 1387 iis'

318 1443 417 1530 socie,
439 1440 505 1513 ubi
532 1439 727 1536 superiores
753 1439 961 1536 interpretes
988 1455 1051 1533 eut
1073 1435 1214 1539 hssfiffe
1241 1455 1302 1509 aut
1332 1426 1341 1434 ’

318 1566 427 1664 lapsos
455 1566 526 1643 esse
552 1567 742 1653 videbam,
767 1584 852 1639 turn
873 1561 1220 1667 sormulaloquendi
1238 1581 1303 1655 per

316 1690 475 1766 sesorte
507 1709 582 1765 erat
615 1690 698 1765 satie
729 1711 826 1780 note,
858 1713 944 1771 curn
962 1684 1207 1783 :cumulassent
1238 1683 1301 1757 alii

312 1813 493 1911 exemplu,
519 1812 579 1886 sed
596 1810 711 1885 cauffa
726 1831 763 1887 et
779 1812 870 1901 ratio
887 1812 966 1884 talis
978 1810 1181 1907 elegantiae,
1207 1809 1301 1907 utin

312 1937 498 2037 plerisque
524 1934 603 2009 sieri
618 1933 717 2023 solet,
741 1936 859 2008 minus
877 1954 950 2007 erat
968 1934 1026 2007 seu
1042 1932 1223 2006 observata
1240 1912 1300 2006 seu

312 2054 520 2155 perspeeln:
550 2052 641 2129 hanc
658 2054 775 2150 digito
798 2053 990 2128 monstrare
1007 2053 1127 2139 volui;
1153 2053 1300 2129 tandem

311 2198 348 2252 et
368 2179 487 2253 muln
514 2180 554 2253 iu
582 2179 651 2251 hoc
667 2196 798 2276 genere
813 2178 881 2253 elie
896 2179 1011 2253 solent
1032 2177 1113 2252 satis
1130 2180 1247 2269 obvia,
1271 2177 1298 2253 li

311 2303 418 2379 semel
432 2300 610 2398 abaliquo
622 2298 852 2374 observataet
866 2302 1043 2401 explicata
1055 2301 1207 2388 suerint;
1227 2327 1299 2379 non

310 2450 390 2501 raro
406 2446 531 2501 tumen
546 2424 678 2512 evenit,
701 2443 741 2499 ut
758 2425 821 2499 illa
837 2424 914 2521 ipsa
927 2423 1099 2499 facillima
1114 2429 1218 2519 ratio,
1234 2455 1301 2502 an.

311 2567 456 2646 tequam
482 2545 675 2621 monstrata
701 2541 794 2633 esset,
817 2547 1071 2645 plerorumque
1094 2551 1216 2626 oculos
1244 2551 1302 2627 fu.

311 2696 423 2777 Sem·
963 2766 965 2771 <

361 2827 397 2898 A
412 2823 637 2899 cumulandis
661 2822 835 2921 exemplis
860 2821 982 2897 sedulo
1012 2825 1178 2915 abstinui,
1211 2855 1297 2905 eum

313 2955 458 3029 omnino
482 2949 589 3026 essem
617 2951 814 3047 proclivior
836 2950 881 3022 ed
908 2948 1141 3027 observandas
1168 2953 1300 3027 caussae
1433 2944 1438 2954 ’

312 3083 507 3156 sonuamm
521 3078 689 3176 loquendi
702 3079 1026 3177 etelegantiurutn;
1043 3080 1185 3177 possunt
1198 3082 1297 3155 enirn

311 3207 475 3302 exempla
490 3201 641 3298 alicujus
658 3203 784 3275 sormae
806 3203 938 3298 apponi
965 3203 1102 3286 vicena,
1125 3223 1160 3276 et
1177 3192 1295 3278 tomen

311 3329 457 3402 obscura
484 3350 628 3400 munere
651 3325 779 3397 sonnae
797 3324 850 3396 vis
867 3348 908 3397 ae
926 3327 1035 3398 ratio:
1064 3327 1100 3398 id
1117 3327 1212 3423 quod
1231 3327 1297 3399 sae.

310 3456 449 3553 pilsrme
478 3456 518 3527 in
546 3455 706 3526 virorum
737 3451 1031 3539 durstiffimorum,
1065 3454 1175 3523 etiam
1209 3451 1294 3524 Nic.

310 3578 451 3652 Heinsri
479 3596 517 3650 et
534 3575 742 3662 Burmanni,
767 3575 1067 3673 disputationibus
1085 3574 1296 3672 longissimis

311 3698 443 3772 netum
471 3697 753 3778 animadvertere
786 3697 888 3785 durn,
920 3697 1010 3793 quid
1038 3722 1080 3770 ex
1099 3697 1153 3771 his
1170 3693 1294 3791 colligi

308 3822 408 3920 possit
423 3845 467 3894 ec
483 3820 626 3906 debeat,
650 3836 711 3891 aut
726 3819 790 3918 ipfi
806 3845 937 3917 parum
955 3820 1164 3917 perspexere
1179 3837 1251 3906 aut,
1269 3818 1294 3891 si

308 3945 584 4043 perspiciebant,
609 3968 754 4018 monere
787 3946 991 4042 neglexere.
1042 3944 1085 4016 ln
1119 3944 1296 4040 elegantia

307 4089 427 4143 autern
455 4087 493 4143 et
517 4089 644 4142 ornatu
671 4068 853 4157 orationis,
878 4067 1110 4165 inprimisque
1136 4069 1293 4163 poetico,

308 4196 465 4268 multum
493 4194 615 4282 refert,
640 4218 683 4266 an
713 4213 832 4268 teneas
848 4195 1002 4267 caussam
1019 4218 1059 4265 ae
1078 4194 1230 4265 modurn
1246 4193 1295 4264 fi-

305 4336 441 4414 guratae
458 4317 640 4404 diuionis,
664 4318 813 4394 inversae
830 4319 1024 4405 sirue‘lurae,
1050 4336 1197 4389 mutatae
1213 4315 1295 4385 vul-

307 4440 399 4538 garis
427 4439 695 4518 consuetudinis
723 4441 761 4514 in
788 4440 1058 4538 exquifitiorem
1082 4462 1123 4510 ae
1154 4435 1295 4507 doeiio-

307 4586 486 4661 retu‚quae
504 4573 653 4662 poetam
668 4564 792 4639 deceat
803 4597 813 4648 ς
834 4567 911 4638 Nec
928 4563 992 4637 nifi
1011 4563 1087 4632 haec
1107 4555 1295 4654 perspexe-

307 4685 354 4760 tit
377 4685 508 4786 uliquis
534 4706 771 4785 accurateque
792 4680 957 4774 tenuerit,
983 4687 1020 4758 in
1042 4682 1198 4780 putrium
1223 4681 1295 4753 ser-

1147 4829 1296 4883 monem
