3475 6234
580 867 671 943 nu
715 867 998 944 uturum
1040 869 1124 948 v1r.
1245 881 1359 976 11⁶9
1423 970 1431 981 ¹

373 1057 447 1120 uide
467 1057 604 1139 nympha,
627 1060 739 1122 Sebetlri
752 1062 830 1122 slusii
844 1063 878 1121 ad
893 1062 1042 1148 Neapolipu
1056 1065 1124 1136 filia,
1133 1064 1253 1147 suscepit
1272 1065 1361 1126 OEba·

374 1148 440 1219 lum,
453 1151 504 1231 qui
517 1150 549 1209 in
569 1153 728 1212 continente
749 1152 847 1222 ltaliae,
870 1173 905 1213 ex
928 1154 1041 1214 adverso
1065 1155 1199 1236 opposito,
1219 1156 1362 1237 occupasse

372 1237 568 1300 mnuurloca
589 1240 665 1301 circa
686 1242 811 1308 Samum,
834 1243 864 1301 in
889 1242 1018 1322 Hirpinis
1038 1257 1067 1303 et
1086 1244 1115 1303 in
1136 1259 1257 1304 extrema
1277 1244 1363 1304 Cam·

371 1328 464 1406 panio.
503 1325 632 1388 Fabulam
658 1349 693 1390 ex
718 1329 812 1388 nostris
836 1330 972 1408 petierunt
995 1331 1080 1390 Silius
1105 1348 1132 1391 et
1157 1333 1262 1391 Statius
1269 1357 1278 1404 ς
1298 1333 1361 1413 quia

376 1417 503 1497 Virgilio
518 1420 664 1497 praeirerit,
684 1440 739 1479 nou
759 1422 873 1478 consiat.
911 1421 1082 1501 Sarrastibus⁹
1102 1422 1181 1481 Sarni
1194 1422 1223 1481 fl.
1246 1406 1360 1493 accolis,

348 1574 352 1583 Ι
374 1505 502 1566 Graecam
523 1508 591 1567 olim
604 1509 739 1588 originem
752 1508 883 1567 tributam
905 1528 922 1568 a
941 1509 1078 1568 nonnullis
1097 1510 1186 1580 fuisse,
1206 1529 1241 1569 ex
1262 1509 1361 1577 Servio

372 1597 492 1655 constat:
513 1598 598 1658 Conon
609 1597 731 1673 (videtur
739 1597 857 1668 Samius,
869 1597 1052 1657 fabulosarum
1061 1598 1245 1658 narrationum
1256 1599 1362 1670 audior,

373 1685 460 1760 fuisse)
482 1697 509 1745 in
520 1711 547 1746 eo
558 1686 632 1756 libro,
645 1711 715 1767 quem
728 1688 763 1744 de
783 1686 864 1745 Italia
876 1689 987 1764 scripfit,
1001 1689 1113 1766 quosdam
1126 1687 1243 1768 Pelasgos
1254 1687 1362 1770 aliffqare

373 1798 406 1834 ex
417 1774 577 1852 Peloponneso
587 1799 722 1842 ammas,
739 1778 779 1834 ad
790 1799 845 1834 eum
856 1775 934 1834 hrum
947 1775 1036 1834 Iealiae·
1054 1781 1148 1855 vensse
1160 1778 1231 1847 dicit,
1248 1785 1290 1838 cai
1301 1777 1362 1838 nal·

375 1863 424 1922 su
433 1874 513 1923 antea
524 1888 610 1922 men
622 1869 725 1942 suerin
746 1882 770 1922 et
780 1868 895 1938 flumini,
908 1889 978 1943 quem
999 1864 1128 1923 incolerent
1141 1866 1172 1941 (Ι.
1187 1867 1263 1944 quod
1275 1886 1362 1927 acco·

374 1951 482 2028 krout),
504 1954 587 2011 Samo
599 1976 684 2010 nomn
696 1956 825 2029 imposrrffe
847 1976 880 2010 ex
901 1950 1063 2031 appellatione
1078 1963 1163 2030 patrii
1170 1959 1287 2028 staminis
1312 1957 1361 2032 lde

375 2059 429 2119 quo
446 2041 541 2111 nescio
560 2061 595 2099 an
614 2042 723 2099 aliunde
742 2043 857 2116 cunslct)
881 2047 950 2119 etse
970 2043 1115 2120 Sarrbastes
1135 2044 1279 2120 appellaffe.
1319 2048 1362 2105 Hi
1475 2120 1478 2126 Ι
1503 2075 1506 2080 ¹

375 2136 440 2188 inter
449 2131 531 2191 ulra
548 2134 638 2209 oppida
664 2134 798 2190 Nuceriam
820 2135 986 2191 condomae.
1026 2129 1139 2188 Scilicet
1162 2132 1272 2192 Samum
1290 2133 1359 2193 olim

375 2221 480 2281 Sam
501 2220 711 2301 pronuntiatum
731 2220 782 2278 elle
802 2219 902 2278 necesse
915 2219 961 2278 esi.
1002 2217 1101 2296 Neque
1120 2217 1195 2277 aliud
1209 2219 1375 2299 quiequam·

375 2309 451 2390 super
473 2303 633 2369 Sarraslibus
656 2325 684 2368 et
705 2329 797 2367 eorum
818 2307 927 2385 origine
949 2307 1025 2365 affert
1038 2307 1173 2367 Camillus
1189 2308 1359 2390 Peregriniua

376 2401 409 2460 de
425 2399 563 2480 Campan.
585 2398 665 2455 selice
679 2397 748 2456 Diis.
762 2397 802 2464 ll,
817 2419 844 2456 n.
861 2420 906 2474 24.
946 2397 1004 2476 Qi
1018 2397 1121 2455 somnia
1135 2399 1260 2477 requirit,
1279 2401 1360 2460 adeat
1429 2402 1432 2409 ’

376 2490 648 2550 mensumn
666 2488 761 2566 lllrpoli
780 2509 808 2566 p.
832 2491 886 2562 263
913 2486 984 2564 sqq,
1006 2485 1054 2565 qui
1077 2487 1147 2546 liber
1170 2488 1289 2568 Neapoli
1307 2489 1358 2550 sub

376 2577 464 2638 Ducis
484 2578 595 2638 Michese
618 2579 719 2656 Vargas
738 2579 886 2636 Macciatca
903 2574 1014 2633 nominc
1029 2575 1153 2653 vulgatur
1175 2580 1221 2637 est.
1262 2580 1359 2658 Rafrae

376 2671 420 2729 rel
441 2670 559 2749 Rufrius
583 2668 614 2725 iu
626 2666 808 2745 Hirpinorum
823 2663 934 2733 sinibus,
948 2664 977 2722 in
996 2665 1159 2724 Samnitium
1173 2669 1359 2746 potestateha·

377 2757 478 2826 bitum,
490 2776 558 2817 nuuc
572 2759 649 2816 Ruoo
662 2754 691 2814 in
711 2757 795 2814 serra
807 2757 836 2811 di
853 2753 940 2822 Bari3
967 2754 1041 2811 circa
1053 2754 1147 2812 eadem
1160 2756 1222 2816 loca
1235 2760 1359 2819 Batalmn
1476 2777 1481 2785 ’

379 2862 406 2906 et
426 2845 537 2905 Celenae
558 2847 607 2904 srta
629 2844 706 2902 fuisse
727 2843 866 2901 videntur.
906 2843 947 2899 At
970 2842 1064 2902 Abella
1083 2857 1179 2902 notum
1199 2846 1359 2925 Campaniae

379 2936 520 3016 oppidum,
543 2935 615 2996 inter
640 2934 861 2992 Chalcidensium
885 2932 1006 2990 colonius
1026 2947 1194 2993 numeratum
1214 2955 1230 2992 a
1250 2936 1377 3010 Jussino,¹

379 3025 449 3097 XX,
469 3046 496 3096 r,
520 3046 565 3102 ¹3·
605 3023 689 3104 Qud
711 3022 832 3102 malpera
853 3020 1013 3100 appellatur,
1036 3021 1118 3080 etiam
1133 3011 1357 3106 nacisAoeslaaae

377 3115 483 3175 somine
494 3115 628 3173 firmator.

411 3223 470 3284 744
481 3203 541 3282 sqq.
568 3202 657 3280 AEqur',
675 3200 799 3276 AEquani
815 3199 857 3255 vel
876 3198 1022 3278 AEquiculi‚
1044 3199 1087 3256 vel
1099 3199 1280 3278 AEquiculoni,
1297 3204 1359 3264 exi.
1400 3240 1406 3259 .
1471 3233 1474 3238 <

377 3292 457 3371 guium
469 3293 506 3350 ad
519 3306 661 3366 utramque
675 3287 789 3345 Anienis
803 3285 889 3364 ripam
902 3288 1017 3345 trasium
1039 3286 1110 3346 inter
1121 3288 1240 3361 Marsos,
1264 3294 1358 3374 Pelig.

377 3391 433 3452 not,
453 3397 482 3440 et
504 3380 623 3438 Sabellos
644 3391 747 3434 montes
761 3373 959 3444 inhabitarunt,
982 3374 1091 3454 agrestis
1113 3392 1142 3434 et
1162 3377 1218 3436 fera
1239 3398 1317 3458 geos,
1340 3401 1357 3442 a

379 3469 508 3529 Romanis
521 3469 594 3525 vitta
606 3481 633 3522 et
645 3463 779 3530 extiusla3
801 3463 873 3522 unde
886 3472 987 3541 po'cta:
1009 3466 1124 3523 Horrida
1133 3489 1196 3544 gens
1208 3471 1360 3548 arssreetaqae

378 3559 448 3619 ulte
460 3561 562 3616 Venator
582 3577 703 3613 nemorum
718 3555 788 3609 esurit
808 3552 952 3631 AEqaicola
960 3552 1051 3632 glebis.
1091 3556 1186 3629 Nersae
1209 3576 1225 3612 a
1249 3557 1357 3615 nemine

378 3649 428 3707 alio
446 3659 610 3706 memorum
623 3641 692 3699 vidi.
734 3641 833 3718 Ufentis
845 3660 944 3699 nomen
964 3641 1002 3698 ab
1015 3661 1105 3709 amne,
1120 3641 1168 3719 qui
1181 3662 1229 3720 per
1241 3643 1358 3702 Volsco·

377 3759 433 3798 rum
445 3737 513 3795 sines
531 3737 613 3817 juxta
624 3730 803 3788 Tarracinam
817 3751 890 3789 unare
902 3730 1018 3826 iqserum
1040 3731 1134 3798 intrat,
1155 3731 1265 3792 dusium
1280 3735 1358 3794 vide·

377 3844 428 3888 tur.
467 3824 596 3884 Fluvium
616 3822 712 3880 eodem
725 3819 877 3877 nominein
890 3819 1043 3898 AEquiculis
1061 3818 1149 3888 fuisse,
1171 3823 1254 3882 tradit
1276 3827 1359 3885 Poru-

376 3938 427 4087 poi
433 4028 479 4087 50.
500 4004 646 4063 Manavia
659 4003 688 4058 de
703 4019 786 4080 gena.
826 3999 912 4058 Varia
925 4000 987 4057 sunt
999 4013 1118 4058 veterum
1136 4014 1163 4058 et
1177 4003 1356 4064 recentiorum

378 4111 540 4157 commenta.
581 4092 634 4149 Res
655 4093 693 4149 ita
715 4093 745 4148 in
763 4089 887 4149 ordinem
911 4089 1069 4168 redigenda.
1109 4088 1247 4152 Videntur
1270 4095 1359 4171 Marsi

379 4187 410 4244 ab
421 4185 503 4245 initio
525 4181 602 4239 soille
623 4179 723 4247 Marri,
746 4180 818 4237 uude
838 4176 902 4235 urbs
924 4197 1017 4235 eorum
1041 4178 1215 4238 Maenalium.
1255 4180 1358 4242 Tradit

378 4294 483 4356 quoque
494 4269 584 4350 gentis
596 4282 623 4325 et
635 4268 753 4325 nominis
763 4270 898 4326 ausiorem
912 4267 1037 4325 Martum
1050 4267 1133 4326 Silius
1148 4267 1233 4335 Vlll‚
1248 4288 1301 4346 507
1315 4268 1357 4348 sq.

380 4365 429 4424 Sed
447 4381 498 4443 pao
524 4361 613 4424 undre,
635 4374 715 4433 quem
736 4356 816 4413 toties
837 4353 989 4433 attigimus,
1013 4356 1096 4412 etiam
1121 4354 1360 4415 MarsiseGraeca

380 4453 467 4511 fabula
477 4447 618 4525 originem
640 4444 888 4523 circumspexerunt
908 4443 1026 4501 Romani
1045 4442 1197 4519 scriptores,
1219 4443 1319 4521 partim
1341 4464 1359 4505 a

380 4534 497 4618 Marsya,
519 4536 640 4612 Phryge,
662 4534 763 4613 partim
783 4555 799 4593 a
820 4532 925 4601 Marso,
945 4533 1040 4591 Circes
1060 4546 1087 4588 et
1108 4531 1207 4609 Ulyffis
1228 4532 1306 4591 filio:
1326 4533 1357 4607 in

378 4631 449 4714 guod
469 4636 740 4690 commentamur
764 4621 928 4690 inciderent,
953 4622 1045 4706 lucum
1069 4616 1137 4678 sccit
1160 4620 1259 4699 partim
1286 4618 1359 4677 sama

385 4726 393 4741 ⁵
1285 4723 1361 4767 vetus
