3475 6234
628 849 716 929 HD
748 846 1036 929 LIBRUM
1073 852 1158 932 vn.
1305 879 1376 957 ιη

387 1042 478 1120 ditae,
491 1069 624 1132 quaeant
636 1053 797 1112 dividebant
809 1072 826 1112 a
838 1053 1004 1115 continenti.
1042 1057 1128 1137 Qud
1141 1057 1171 1116 in
1181 1058 1276 1135 priscae
1286 1059 1375 1124 Italia

388 1142 497 1201 filvdiri
508 1143 608 1202 habitu
622 1145 684 1223 quia
696 1144 822 1214 miretur,
845 1164 910 1205 curn
920 1147 984 1204 taier
996 1146 1069 1205 lacus
1080 1148 1161 1206 multi
1175 1150 1266 1208 adhuc
1278 1150 1329 1208 srnt
1339 1149 1372 1211 iu

387 1231 486 1291 ricinia
512 1235 593 1305 locir,
624 1234 740 1294 hiberno
762 1252 883 1314 ternpore
905 1257 974 1314 aqua
992 1240 1155 1316 stagnantes,
1179 1240 1375 1317 cumqueinde

386 1324 534 1402 procedant
547 1324 682 1384 Pomtinae
693 1325 821 1403 paludes3
846 1325 886 1384 cs.
906 1325 1053 1385 Corradin.
1069 1326 1151 1384 Latio
1171 1347 1227 1386 ret.
1256 1328 1312 1389 To.
1324 1328 1375 1400 al.

386 1427 450 1488 pag.
474 1431 541 1490 ²4²·
582 1415 679 1491 Itaque
693 1413 791 1472 Strabo
804 1416 876 1473 inter
894 1415 954 1472 loca
968 1415 1105 1477 maritima
1117 1416 1242 1493 palustria
1254 1435 1281 1475 et
1300 1438 1375 1479 mot-

387 1501 545 1566 bosaetiam
566 1506 693 1568 Circeio'a
706 1525 829 1568 numerat
847 1509 899 1570 lib.
924 1509 963 1578 V,
976 1531 1003 1589 p.
1029 1531 1083 1587 353
1098 1512 1123 1571 C
1137 1510 1374 1588 etipseCirceiut

387 1612 464 1655 motta
485 1597 536 1673 ipo
557 1599 606 1668 est,
630 1620 711 1677 quem
728 1620 801 1658 mare
812 1616 839 1658 et
852 1601 963 1679 paludes
982 1598 1095 1659 insulam
1116 1601 1242 1659 faciunt:
1267 1604 1297 1660 ed
1309 1614 1373 1682 Kup-

386 1691 542 1765 καῖον-ὅςας
552 1690 710 1769 πισιᾶζοιη
728 1688 854 1770 θαλάττῃ
873 1715 902 1747 τι
916 1690 961 1747 anti
971 1696 1049 1759 sawt,
1069 1709 1096 1768 p.
1113 1711 1127 1765 3
1133 1710 1167 1768 ςς
1182 1689 1215 1748 Β.

423 1777 529 1835 AEaeam
539 1778 659 1856 appellat
669 1776 782 1836 insulam
793 1779 943 1847 Homerus,
957 1778 1076 1855 hincque
1087 1778 1169 1837 Maro
1179 1777 1236 1855 sup.
1249 1778 1300 1836 lib.
1313 1778 1371 1852 m,

390 1866 443 1939 386
462 1868 559 1927 AEaeae
572 1869 655 1948 insula
668 1870 761 1927 Circes.
801 1867 951 1950 Qomodo
962 1883 1052 1927 autern
1071 1883 1173 1926 veteres
1186 1867 1215 1925 in
1229 1867 1282 1925 hoc
1298 1869 1371 1928 inci.

387 1954 447 2015 dere
458 1958 611 2035 potuerint,
631 1975 663 2017 ut
673 1959 775 2017 Circen
784 1979 819 2017 ex
832 1960 895 2027 AEa‚
918 1957 1087 2016 Colchorum
1101 1957 1179 2026 urbe,
1199 1956 1369 2037 AEetaeregie

385 2041 501 2106 sororem
512 2066 547 2105 ex
559 2047 622 2104 Sole
629 2063 657 2104 et
669 2047 759 2113 Persa,
770 2047 925 2106 transsatam
934 2047 962 2103 in
976 2046 1091 2104 insulam
1105 2046 1176 2103 hanc
1189 2046 1368 2119 collaudat,

385 2131 428 2191 rix
441 2137 591 2214 assequatur
603 2136 715 2215 aliquis,
728 2137 777 2194 niii
790 2137 953 2214 antiquioris
964 2135 1084 2194 Graeciae
1097 2133 1369 2215 ignorantia-geo·

384 2224 502 2303 graphia
513 2224 609 2283 animo
621 2241 719 2284 teneat.
760 2226 923 2285 Occidentis
936 2226 1034 2285 faciem
1047 2239 1075 2281 et
1088 2225 1152 2281 fines
1162 2240 1224 2281 ante
1243 2225 1368 2303 Trojana

386 2326 503 2390 tempora
522 2313 632 2391 prorsus
644 2313 807 2393 ignorabant
827 2314 934 2385 Graeci,
959 2335 1009 2372 nec
1022 2330 1084 2372 ante
1097 2313 1251 2371 Homerum
1262 2315 1311 2373 nist
1325 2319 1371 2379 fa·

384 2401 487 2461 buiosat
497 2403 666 2463 narrationes
675 2404 1023 2482 deeorulgoaudirerant.
1062 2402 1366 2480 ItaqueponeSiciliarn

385 2510 509 2571 inagnum
523 2495 668 2552 Oceanum
681 2492 896 2552 circumdatium
911 2493 1040 2569 usquead
1054 2492 1260 2569 septentrionem
1274 2512 1366 2571 patere

384 2582 524 2642 credidisse
534 2582 672 2644 videntur.
711 2584 773 2660 Jarn
785 2584 839 2643 fuit
851 2585 941 2642 sabula
954 2585 1046 2687 aliqua
1057 2583 1217 2662 perantiqua
1228 2586 1263 2644 de
1278 2586 1366 2646 circe

384 2671 456 2731 Solia
466 2673 532 2740 filia,
550 2693 596 2732 cur
587 2673 716 2732 “insula
708 2674 798 2732 tnhou
807 2694 876 2732 marr
866 2674 1008 2754 asfignari
1022 2691 1127 2777 coepta:
1148 2693 1260 2752 eamque
1259 2677 1366 2737 adiisse

388 2778 488 2819 narrata
477 2760 556 2820 sunt
569 2766 750 2842 Argonauta,
769 2784 896 2841 quorum,
919 2765 963 2821 seu
979 2764 1089 2821 Tanain
1103 2763 1145 2820 seu
1160 2764 1277 2822 Istrum
1268 2784 1363 2824 rnvec

387 2862 486 2920 torum,
496 2852 673 2913 excoschide
685 2854 787 2911 reditur
795 2872 844 2931 per
856 2855 936 2911 talem
951 2855 1104 2918 Oceanum,
1118 2852 1223 2927 qualem
1233 2868 1299 2911 tunc
1312 2855 1364 2918 fibi

385 2940 626 3021 inritantiquitar,
637 2942 724 2998 sastus
742 2940 823 2999 facile
835 2940 911 2999 credi
924 2940 1022 3018 potuit.
1064 2939 1232 3016 Temporum
1246 2941 1362 3005 successu

381 3030 453 3088 orbis
468 3031 514 3090 hic
526 3031 621 3110 priscae
634 3031 752 3088 Graeeiae
763 3030 874 3108 ignotus
887 3030 959 3088 adiri
973 3029 1087 3088 navibus
1097 3029 1192 3108 erupit,
1213 3030 1363 3110 sensumque

380 3117 474 3190 italiae,
497 3120 611 3189 Galliae,
636 3120 777 3198 Hispaniae
798 3118 898 3176 notitia
911 3120 1003 3195 aliqua
1015 3118 1106 3175 verior
1126 3138 1156 3176 ac
1169 3120 1270 3179 certior
1288 3120 1361 3183 inter

380 3205 492 3267 Graecos
512 3208 704 3268 increbescere.
744 3207 995 3265 Accommodarunt
1015 3207 1107 3282 itaque
1120 3214 1220 3283 po'e'tae,
1244 3228 1295 3285 pro
1308 3211 1362 3271 suaa

380 3295 489 3375 quisque
503 3299 589 3356 aetatia
601 3314 629 3356 et
639 3317 689 3375 pro
702 3297 754 3359 sure
767 3295 884 3354 scientiae
897 3296 1020 3365 modulo,
1034 3313 1134 3353 veteres
1146 3297 1248 3356 fabulas
1261 3300 1295 3358 ad
1309 3314 1362 3363 no-

379 3403 422 3443 ras
434 3389 547 3446 notitias
559 3386 722 3456 occidentis,
739 3385 893 3462 cujusmodi
906 3387 976 3442 sorte
989 3403 1047 3443 turn
1060 3398 1135 3444 erant
1150 3406 1158 3443 t
1191 3403 1272 3465 atque
1292 3391 1365 3455 hinc,

377 3471 421 3531 illa
430 3476 583 3534 fabularum
591 3475 740 3542 diuersitas,
752 3473 877 3553 inprimis
886 3475 916 3531 in
930 3474 1137 3552 Argonauticit‚
1149 3491 1220 3535 nata.
1247 3480 1308 3539 Nec
1318 3481 1360 3542 sa,

376 3565 427 3624 tile
438 3567 475 3624 est
488 3565 636 3643 quicquam
650 3565 819 3640 aliud,quod
829 3562 1014 3640 Orphicorum
1027 3565 1274 3643 Argonauticorum
1283 3567 1359 3631 haud

377 3653 494 3713 infimam
515 3655 716 3732 antiquitatem,
730 3654 748 3710 sr
760 3675 816 3710 non
826 3654 980 3719 verborum,
1003 3654 1154 3730 argumenti
1168 3671 1267 3724 tamen,
1279 3678 1358 3737 aeque

375 3761 480 3824 arguat,
511 3765 593 3824 quam
613 3746 756 3822 ἁιιςοςησία
776 3745 900 3801 locorum
918 3742 946 3798 in
965 3742 1180 3799 occidentalibus
1201 3747 1297 3816 terris3
1326 3764 1356 3807 et

375 3837 438 3904 boc,
462 3857 528 3894 cunr
541 3835 676 3912 ejusmodi
696 3837 755 3894 aliis
768 3836 864 3892 veteris
878 3833 1070 3912 geographicae
1088 3834 1206 3894 notionis
1223 3839 1356 3916 vestigiis,

373 3928 419 3995 est,
439 3924 515 4006 quod
530 3925 559 3981 in
578 3943 612 3980 eo
626 3925 745 3982 carmine
758 3923 884 4002 inprimis
898 3921 1069 3999 spetiandum
1087 3921 1186 3989 reniet,
1214 3926 1306 4003 fiquis
1318 3929 1356 3987 ad

374 4014 559 4073 illustrandum
589 4013 657 4070 illud
685 4016 794 4071 accedet
817 4013 846 4069 in
874 4013 1017 4090 posterum.
1056 4010 1241 4088 Orphicorum
1268 4016 1355 4092 igitur

374 4105 466 4164 notior
488 4105 547 4181 jam
569 4104 694 4161 notitiam
717 4095 993 4180 aliquarn'aeceperat
1006 4101 1040 4156 de
1053 4118 1226 4178 procurrente
1236 4106 1267 4161 in
1278 4105 1354 4162 occi-⁴

373 4195 478 4252 dentem
494 4192 617 4271 Europa,
631 4192 706 4267 isque
714 4191 809 4249 Circes
821 4189 936 4247 insulam
947 4203 1022 4245 extra
1034 4189 1131 4246 fretum
1143 4191 1312 4248 Gaditanum
1323 4191 1354 4251 in

373 4283 483 4343 Oceano
500 4281 667 4340 occidentali
680 4281 790 4359 quidem
803 4277 948 4336 collocavit
977 4282 1016 4351 (v.
1035 4299 1103 4355 ¹²05
1120 4278 1176 4355 sqq.
1195 4281 1260 4336 coil.
1279 4299 1352 4357 1239

331 4407 333 4413 ,
370 4369 452 4450 sqq),
473 4374 594 4449 LJraeam
616 4383 707 4427 tamen
729 4373 766 4426 ad
785 4385 905 4427 terram:
939 4369 1031 4444 Κίρκης
1051 4367 1354 4437 dirior-Ammonem

373 4467 478 4539 χὲςσωτ
501 4462 531 4519 ἰιι
552 4480 608 4537 qua
627 4460 733 4538 Ligures
756 4460 838 4515 latere
858 4459 947 4514 nuilus
961 4458 1070 4525 dubito,
1095 4458 1216 4534 adeoque
1239 4460 1353 4535 praefero

374 4547 523 4607 Voffiauam
537 4548 691 4616 tectionem,
710 4568 772 4624 quae
785 4546 814 4603 in
828 4545 959 4603 sexcentis
972 4544 1038 4603 Iocis
1054 4546 1139 4622 recipi
1153 4547 1181 4604 in
1193 4564 1354 4609 contextum

371 4638 494 4707 debebat,
517 4647 650 4711 nayyafor,
676 4635 857 4714 quapropiot
872 4635 908 4690 est
927 4635 962 4692 ad
981 4636 1121 4711 vulgarem
1139 4635 1233 4696 sonum
1255 4646 1353 4711 Λίγυες.

372 4727 533 4806 ¹Apollonius
555 4728 612 4799 IV,
638 4727 696 4806 646
707 4726 742 4785 de
754 4723 944 4804 Argonautis:
972 4722 1003 4783 ds
1019 4723 1091 4786 sirm
1100 4728 1180 4805 [adera
1194 4736 1294 4788 Κιλτῡι
1306 4729 1353 4786 ,αἱ

1245 4821 1353 4903 ‚m
1416 4848 1495 5008 Ι
