3475 6234
745 1454 877 1527 132
1205 1424 2005 1505 .EXCURSUS
2080 1424 2195 1502 111

745 1631 862 1690 sim.
947 1635 1037 1692 Ita
1063 1633 1181 1694 Dio
1205 1647 1261 1691 et
1291 1634 1511 1690 Tzetza
1553 1644 1846 1706 excerptus
1878 1649 1937 1706 p.
1974 1647 2069 1690 21.
2118 1614 2192 1707 43
2236 1628 2496 1707 Λωῦςιιτω
2522 1629 2581 1686 τὸ
2606 1618 2698 1685 καῖ

742 1723 919 1797 Τροίαν
943 1730 1208 1795 λεγόμενοι.
1289 1720 1533 1799 Appian.
1563 1719 1619 1777 in
1647 1720 1934 1798 Excerpto
1959 1740 2032 1778 ex
2056 1720 2261 1779 Photio
2286 1718 2435 1779 eod.
2456 1738 2521 1798 57
2542 1718 2698 1777 littus

746 1814 1090 1874 Laurentum
1132 1830 1189 1873 et
1214 1833 1369 1871 oram
1398 1811 1732 1871 maritimam
1751 1811 1988 1886 Trojam
2012 1812 2216 1871 distem
2243 1830 2531 1892 perperam
2572 1829 2701 1869 nar-

747 1919 852 1964 rat.
937 1905 1079 1963 Satis
1106 1906 1181 1961 est
1207 1903 1372 1963 semel
1397 1902 1469 1960 de
1489 1903 1596 1962 hoe
1617 1900 1886 1961 monitum
1914 1902 2036 1961 effe.
2080 1922 2136 1959 v.
2170 1903 2317 1985 inpr.
2348 1900 2545 1981 Vulpii
2562 1901 2699 1959 Vet-

748 1996 880 2053 Lat.
912 1996 1077 2052 Tom.
1107 1994 1214 2059 v1,
1256 2015 1313 2072 p.
1348 2013 1409 2070 ¹3
1431 1993 1582 2071 seqq.
1625 1990 1734 2051 Sed
1754 2006 1811 2049 et
1834 2004 2048 2050 veteres
2066 1992 2253 2069 paffim
2279 1992 2597 2071 scriptores,
2636 2002 2698 2051 ut

750 2083 948 2140 Strabo
971 2083 1050 2149 V,
1089 2102 1148 2158 p.
1175 2102 1204 2160 3
1216 2102 1290 2162 50
1316 2082 1382 2139 B.
1419 2085 1508 2160 (p.
1553 2080 1693 2160 229)
1728 2079 2012 2154 Troianos
2048 2081 2287 2159 egressos
2316 2081 2494 2140 statim
2523 2076 2702 2139 Lavi-

745 2174 896 2231 nium
923 2171 1220 2232 condidisse
1248 2172 1427 2230 aiunt.
1506 2171 1731 2229 Nomen
1751 2170 1944 2246 Trojae
1962 2190 2034 2229 ex
2053 2169 2222 2228 Livio
2242 2169 2364 2246 jam
2380 2184 2576 2228 notum
2600 2168 2707 2228 effe

743 2264 939 2339 potest,
977 2261 1079 2320 lib.
1109 2265 1163 2329 I,
1198 2281 1218 2322 1
1253 2261 1324 2321 ab
1351 2261 1536 2321 Sicilia
1561 2260 1700 2339 claffi
1725 2261 2023 2320 Laurentem
2045 2284 2228 2339 agrum
2249 2264 2447 2338 tenutffi
2464 2282 2487 2318 .·
2529 2256 2711 2338 Tnjae

743 2368 792 2409 et
819 2353 937 2411 huic
959 2353 1057 2411 loco
1076 2376 1241 2411 nomen
1279 2357 1367 2431 est.
1444 2351 1535 2410 Ibi
1567 2352 1747 2430 egr-effi*
1767 2349 2020 2431 Trqjam‘.
2101 2354 2357 2431 Quatuor
2381 2370 2415 2408 a
2440 2349 2582 2409 mari
2608 2351 2713 2409 stt·

746 2441 851 2501 diis
877 2443 967 2501 seu
994 2445 1171 2522 passus
1200 2442 1532 2522 quingentos
1557 2460 1681 2499 eam
1707 2440 1905 2500 distare
1937 2438 2235 2519 Dionysius
2283 2438 2475 2515 adjicit
2521 2439 2624 2498 lib.
2656 2440 2713 2505 Ι,

751 2553 848 2611 53,
890 2533 1035 2592 unde
1063 2537 1210 2593 refte
1235 2534 1513 2611 Virgilius
1539 2532 1687 2598 VII,
1726 2535 1836 2610 158
1862 2536 2064 2607 primas
2086 2538 2142 2590 in
2165 2532 2338 2611 littore
2358 2533 2506 2605 stdes
2538 2528 2710 2588 dixit.

751 2623 953 2682 Strabo
1005 2625 1177 2692 enim,
1218 2624 1315 2703 qui
1340 2623 1441 2683 lib.
1469 2624 1549 2689 V,
1588 2642 1648 2700 p.
1681 2641 1819 2700 229,
1862 2621 2064 2680 XXIV
2102 2620 2271 2680 stadia
2308 2631 2602 2684 memorat,
2640 2617 2717 2676 de

751 2714 1034 2773 Laurento
1058 2714 1323 2794 loquitur,
1364 2735 1473 2773 non
1498 2713 1570 2772 de
1596 2711 1788 2787 Trojae
1829 2712 1949 2770 fitu.
1988 2710 2068 2770 cf.
2101 2713 2337 2771 Cluver.
2372 2730 2432 2789 p.
2477 2713 2618 2775 880,
2654 2722 2714 2767 et

750 2803 989 2883 Vulpius
1014 2807 1050 2864 l.
1082 2824 1134 2863 c.
1163 2826 1222 2884 p.
1255 2825 1330 2882 40
1357 2804 1474 2882 sqq.

833 2894 1017 2951 Locus
1047 2892 1137 2952 hic
1163 2914 1195 2950 a
1211 2893 1351 2969 Troj
1361 2893 1476 2950 anis
1496 2907 1686 2970 captus
1707 2890 2053 2969 munitusque
2081 2893 2333 2967 (χάρακα
2357 2889 2522 2947 &Su-ro
2540 2886 2710 2948 etiam

753 2982 990 3059 Dionys.
1019 2985 1071 3049 1,
1114 2984 1247 3061 53),
1288 3004 1453 3062 quem
1482 2981 1697 3061 Trqjam
1725 3005 1917 3040 novam
1958 2983 2237 3060 appellant
2284 2980 2599 3059 scriptores,
2637 2978 2711 3038 est

753 3075 822 3140 is,
883 3093 1048 3151 quem
1095 3077 1261 3151 poeta
1305 3075 1422 3133 fere
1475 3077 1751 3150 castrorum
1789 3072 2011 3131 nomine
2051 3090 2116 3129 ac
2155 3069 2386 3128 notione
2436 3071 2710 3149 designat,

755 3181 1033 3240 quemque
1074 3163 1296 3220 Turnus
1348 3177 1640 3241 oppugnat
1692 3161 1791 3220 lib.
1838 3164 1946 3220 IX.
2024 3163 2371 3237 Τειχομαχία
2414 3162 2709 3221 castrorum

757 3255 1108 3312 Achivorum
1149 3268 1366 3331 partem
1405 3252 1595 3311 Iliadis
1637 3252 1917 3311 constituit
1950 3251 2323 3331 insigniorem.
2406 3251 2517 3311 Sed
2544 3253 2714 3312 Maro
