3475 6234
600 799 691 940 rio
732 795 1017 916 Lrssrtunt
1068 843 1149 917 vrr.
1300 852 1365 942 167

375 1046 434 1096 tan
446 1035 481 1095 ab
494 1036 550 1094 hac
565 1033 646 1105 urbe,
668 1049 695 1092 et
714 1033 744 1092 in
764 1036 833 1091 valle
853 1036 1009 1109 Prestnzano
1030 1037 1121 1094 ruinas
1139 1035 1260 1116 conspici
1281 1033 1365 1095 tradit

376 1106 573 1205 Capmaninus
586 1144 650 1201 pag.
669 1143 721 1183 122
734 1122 771 1202 sq.
788 1123 890 1183 Forulos
900 1124 928 1181 iu
941 1126 1004 1183 loco
1022 1125 1093 1183 inter
1106 1141 1180 1184 vetus
1190 1126 1363 1185 Amiternum

373 1232 402 1275 et
426 1214 608 1275 recentiorem
638 1214 776 1273 civitatem
803 1215 900 1294 Aquila
924 1212 1003 1283 litos,
1030 1235 1102 1274 nunc
1129 1219 1224 1277 Civim
1247 1218 1363 1295 Tomofflr

373 1303 476 1372 dirtos,
494 1301 558 1360 satis
577 1303 747 1380 exploratum
760 1302 807 1360 eli.
847 1301 932 1382 Qod
946 1316 1035 1362 tarnen
1055 1307 1137 1381 po'e'ta
1159 1304 1272 1365 Forulos
1292 1306 1363 1364 inter

372 1393 525 1476 Casperium
536 1406 562 1448 et
577 1394 676 1467 stnmep
691 1389 811 1448 Himellae
826 1392 1000 1459 memoravit,
1012 1391 1189 1452 transversum
1202 1395 1261 1472 egit
1272 1393 1364 1452 virum

372 1472 555 1543 doetiffimun
570 1483 655 1540 modo
669 1481 821 1551 laudatum,
840 1495 870 1538 ut
886 1482 977 1541 Forum
991 1505 1096 1553 novum,
1117 1485 1193 1564 quod
1211 1484 1285 1543 circa
1306 1484 1362 1541 Hi-

374 1574 483 1633 messam
506 1571 586 1632 stum
608 1570 673 1638 fuit,
692 1587 719 1629 et
743 1571 843 1630 Forum
856 1574 931 1634 Decii
949 1578 1059 1649 postam
1083 1572 1221 1652 respexiffe
1243 1572 1374 1653 putaret,¹

372 1662 426 1741 ,Sed
449 1668 542 1740 po'e'tae
560 1662 614 1718 hoc
634 1659 845 1719 condonandum
866 1661 914 1731 est,
936 1675 966 1717 ut
980 1661 1009 1717 in
1022 1661 1164 1739 regionum
1178 1664 1228 1721 srtu
1245 1681 1362 1740 geogra-

375 1748 485 1836 phieam
505 1748 684 1808 subtilitatem
704 1749 817 1812 deserat,
857 1768 924 1827 715.
945 1746 1056 1808 siberin
1069 1750 1107 1810 sc.
1130 1771 1184 1830 qua
1202 1765 1278 1830 pater
1290 1750 1362 1810 inter

378 1839 480 1903 Narem
493 1855 522 1899 et
536 1836 683 1897 Anienem.
723 1837 846 1906 Fabaris,
868 1836 929 1894 aliir
954 1836 1094 1916 Farfarus,
1116 1859 1188 1896 nunc
1208 1840 1302 1914 Farsa,
1324 1839 1362 1898 ad

377 1926 502 1991 'siherim
525 1926 678 1987 descendit.
718 1929 784 2001 716.
806 1926 914 2004 Nursta,
936 1945 1010 1986 nunc
1035 1927 1138 1994 Noreia,
1165 1926 1254 1985 versus
1272 1927 1361 1989 fontes
1473 1937 1477 1942 “

377 2016 460 2079 Naris
484 2017 557 2079 iuter
582 2015 718 2076 montium
738 2014 853 2092 frigora,
874 2029 902 2072 et
922 2015 1017 2086 Horra,
1041 2017 1077 2076 ad
1101 2016 1168 2075 ostia
1190 2014 1288 2086 Naris,
1307 2037 1362 2096 qua
1464 2077 1467 2086 ,

376 2109 474 2171 'liberi
491 2107 665 2180 immittitur,
685 2125 701 2163 a
722 2104 813 2162 Plinio
833 2104 942 2185 oppidis
956 2104 1071 2166 Etmriae
1083 2121 1268 2177 annumerata,
1289 2103 1362 2167 nihil

375 2192 544 2259 difficultatis
556 2197 666 2255 babent.
702 2194 789 2273 populi
807 2196 901 2253 Larini
918 2193 1092 2273 intelligendi
1115 2197 1168 2256 five
1188 2196 1223 2254 de
1243 2195 1362 2257 coloniis

375 2276 481 2351 [niuis
499 2288 529 2347 in
543 2306 642 2366 agrurn
662 2285 793 2344 Sabinum
812 2285 947 2354 dedusiis,
967 2284 1021 2344 five
1040 2286 1076 2344 de
1096 2285 1205 2364 oppidis
1226 2284 1362 2343 aLarinis

373 2377 494 2441 tunditis
517 2392 546 2436 et
567 2373 710 2444 habitatis,
735 2395 796 2451 quae
818 2389 972 2452 temporum
997 2374 1113 2434 succellu
1139 2374 1169 2433 in
1195 2374 1360 2437 Sabinorum

373 2465 505 2549 ditionem
516 2467 660 2531 cesserunt,
698 2466 762 2522 Hoc
777 2465 890 2527 clover.
914 2484 978 2544 pag.
998 2467 1050 2545 651
1073 2466 1172 2525 statuit.
1190 2463 1264 2522 conf.
1285 2462 1360 2543 Cap·

374 2558 482 2619 martin.
503 2577 568 2636 pag.
595 2555 649 2632 136
675 2555 733 2632 sqq.
774 2574 840 2633 7¹7·
861 2553 944 2621 Allia,
965 2556 1096 2633 exiguum
1117 2555 1227 2619 flumen,
1255 2551 1360 2611 Roma·

375 2664 470 2705 uorum
489 2646 566 2706 clade
577 2666 594 2702 a
607 2643 699 2702 Gallis
712 2659 823 2719 accepta
837 2642 901 2700 satis
914 2657 1021 2709 notum,
1042 2641 1194 2711 dubitatur,
1216 2660 1273 2721 quo
1295 2642 1360 2700 loco

374 2722 532 2795 defluxerit.
568 2734 716 2794 Cluverius
727 2734 778 2791 else
797 2731 917 2793 credidit
937 2748 1043 2791 amnem
1066 2732 1114 2791 Rio
1135 2735 1162 2790 di
1180 2736 1259 2810 moffo,
1281 2731 1359 2810 Cap·

377 2824 508 2895 martinus
519 2813 622 2883 amnem
637 2825 665 2881 S.
679 2825 813 2880 Giovanni
831 2819 899 2879 della
918 2820 1008 2890 Forte,
1026 2820 1075 2899 qui
1096 2820 1168 2879 infra
1189 2820 1276 2900 Castel
1296 2820 1362 2881 Giu·

377 2897 437 2987 sileo
459 2913 555 2975 Tiberi
575 2912 713 2991 jungitur.
734 2909 791 2972 vid,
815 2909 887 2968 ibid.
914 2929 978 2988 pag.
1010 2916 1063 2988 148
1085 2909 1125 2988 sq.
1165 2909 1304 2969 Caeterum
1328 2908 1360 2968 in
1485 2899 1514 2960 ‚⁵

377 3003 477 3075 lubuit
495 3001 625 3061 abstinuit
638 3006 721 3077 po'eta
733 2997 768 3054 ab
780 3007 874 3076 origine
892 2998 1024 3075 Spartana
1043 2999 1291 3065 commemoranda,
1312 2997 1360 3065 cui

375 3082 610 3153 mmminiscendae
624 3106 730 3145 morum
743 3084 868 3142 severitas
881 3085 1117 3165 opportunitatem
1130 3085 1241 3151 fecerat.
1282 3085 1359 3154 Vide

376 3181 414 3239 rel
423 3181 501 3239 Serv.
515 3177 552 3236 ad
562 3174 650 3243 VIII,
663 3176 731 3250 683.
1187 3235 1189 3238 ,

409 3293 463 3350 7²2
476 3271 538 3348 sqq.
553 3268 673 3343 Halefits,
686 3266 727 3322 vel
742 3265 841 3340 Alqsus,
854 3262 969 3322 adducit
983 3265 1099 3342 populos
1108 3284 1132 3341 ,e
1144 3263 1240 3344 priscis
1251 3266 1358 3325 Aurun-

374 3384 448 3427 tm
465 3376 494 3417 et
510 3359 628 3431 Ossonon
646 3353 762 3410 sedibus.
805 3349 925 3410 Fuerunt
939 3351 981 3410 isti
996 3370 1117 3411 veterum
1132 3351 1275 3411 Ausonum
1296 3353 1359 3410 reli·
1428 3419 1432 3429 Ι,

375 3449 447 3529 quiz,
471 3445 665 3520 tandemquea
683 3439 815 3498 Romanis
835 3441 919 3499 deleti
940 3440 1010 3498 sunt.
1051 3440 1177 3511 Halesus,
1194 3443 1360 3521 Agamemno·

374 3547 422 3594 rius
440 3536 533 3593 didius
547 3553 574 3590 v.
591 3550 658 3609 723,
675 3531 748 3606 quod
764 3529 904 3606 accipiunt
924 3545 955 3586 ut
975 3527 1007 3587 stt
1031 3528 1248 3606 Agamemnonis
1276 3529 1358 3593 filius,

373 3619 402 3683 ld
422 3644 488 3683 vero
509 3621 628 3681 alienum
650 3639 665 3676 a
688 3626 779 3696 poeta.
820 3618 900 3677 Nam
920 3616 974 3677 ins.
997 3615 1047 3674 lib.
1070 3617 1111 3684 X,
1133 3639 1188 3696 4¹7
1213 3632 1290 3695 pater
1308 3617 1359 3695 ipst

373 3713 443 3774 soille
457 3712 578 3772 traditur
589 3727 682 3775 vates,
695 3707 743 3785 qui
757 3709 836 3765 senex
850 3706 923 3767 obiit
942 3721 969 3763 et
983 3705 1092 3774 filium„
1102 3707 1180 3782 cujus
1194 3705 1250 3762 fata
1260 3703 1358 3785 praevi.

373 3792 454 3871 derat,
488 3801 520 3860 in
546 3799 613 3857 srlva
638 3797 776 3855 educavit.
818 3799 1027 3877 Agamemnonius
1053 3792 1139 3870 igitur
1161 3795 1196 3851 ad
1221 3792 1360 3873 originem

373 3893 474 3973 generis
495 3887 594 3949 referri
619 3887 719 3944 necesse
743 3887 798 3943 est:
821 3886 850 3943 id
873 3883 949 3962 quod
970 3883 1141 3952 commentis,
1160 3883 1239 3960 supet·
1260 3878 1358 3942 Graeca

373 3981 527 4042 Italicarum
542 3978 652 4036 urbium
670 3975 788 4053 origine,
812 3994 873 4054 quae
894 3973 961 4050 saepe
974 3970 1258 4041 commemoravimus,
1272 3972 1358 4055 debc-

372 4066 419 4133 tur.
445 4071 513 4128 -Sed
535 4065 655 4126 discedit
675 4065 711 4123 ab
730 4065 790 4125 aliis
805 4063 888 4129 Maro
910 4062 939 4119 in
962 4060 1026 4128 hoc,
1052 4061 1126 4137 quod
1149 4061 1356 4140 Campanorum

373 4158 465 4229 ducem
481 4156 550 4216 iacit
565 4153 708 4212 Halesum.
751 4153 825 4212 Nam
838 4150 961 4232 plerique
987 4146 1151 4211 Faliscorum
1175 4149 1311 4228 originem
1330 4158 1359 4208 et

373 4268 465 4320 nomen
486 4248 522 4306 ab
536 4266 571 4305 eo
585 4259 728 4323 repetunt:
749 4243 868 4303 Ovidius
882 4240 952 4300 Fasl.
973 4237 1030 4308 IV,
1049 4259 1097 4319 73.
1114 4258 1162 4315 74,
1187 4241 1285 4296 Amor.
1301 4235 1359 4305 ΙΙΙ,

377 4356 420 4414 13,
440 4359 471 4415 3¹
490 4337 545 4416 sq„
565 4333 654 4392 Solio.
673 4354 700 4393 c.
716 4337 744 4401 8,
766 4333 875 4392 Servius
896 4331 930 4388 ad
952 4328 1021 4394 VII,
1046 4333 1115 4405 695,
1138 4328 1243 4384 Alfium
1266 4339 1358 4387 autem

369 4423 486 4487 Etnrriae
498 4427 526 4485 ei
540 4420 640 4481 tribuit
662 4437 799 4500 tamquam
813 4418 952 4481 conditori
968 4417 1052 4475 Silius
1065 4414 1149 4482 VIII,
1170 4413 1237 4493 47⁶·
1279 4410 1357 4470 Faci-

374 4512 425 4577 lius
436 4528 523 4572 tamen
537 4511 572 4567 ad
587 4511 773 4588 assequendum
793 4512 842 4577 est,
854 4506 995 4587 quomodo
1004 4505 1038 4563 ad
1053 4499 1185 4557 Halesum
1201 4498 1299 4558 Falisci
1314 4519 1357 4558 re·

376 4604 463 4683 iocari
475 4600 616 4684 potuerint
628 4625 637 4672 3
659 4599 735 4674 suere
747 4601 821 4660 enim
831 4597 999 4659 Faliscorum
1022 4588 1134 4658 Falerii,
1147 4588 1297 4736 oppidpmlp
1320 4589 1355 4658 F,

1254 4696 1271 4737 o
1294 4696 1357 4739 curn
