3475 6234
598 866 690 944 AD
730 862 1016 943 LIBRUM
1057 864 1142 941 VII.
1292 892 1366 970 ις’,

371 1067 464 1148 quidem
477 1065 596 1127 ‘l‘urnum
610 1065 757 1125 matruelem
768 1065 872 1123 Ammae
884 1067 964 1142 setrffe
977 1065 1067 1123 tradit.
1107 1063 1203 1122 Paullo
1225 1075 1288 1123 ante
1306 1089 1362 1124 con·
1463 1058 1466 1067 ⁶

362 1157 493 1226 sobn‘rmm
506 1158 613 1215 Amata
624 1156 742 1215 dixerat.
781 1155 877 1231 ltaque
896 1168 923 1212 et
940 1155 996 1213 haet
1009 1157 1092 1233 po'e'ta
1105 1175 1161 1212 non
1177 1154 1295 1224 invenit,
1313 1154 1362 1212 led

373 1244 555 1305 insuamrem
568 1245 714 1304 transtulit.
983 1257 989 1265 ⁴
1010 1270 1016 1278 ·
1119 1264 1125 1282 ·

412 1336 500 1396 Porro
511 1338 581 1394 inter
593 1335 686 1393 Turni
697 1335 885 1414 progenitores
899 1333 1049 1393 Pilumnus:
1071 1333 1153 1392 ibide
1165 1335 1218 1391 Cm·
1231 1333 1363 1392 Pilumnus
1445 1328 1446 1332 ¹

373 1449 455 1485 evus.
494 1426 559 1486 Non
568 1424 776 1483 subtilitercum
787 1431 869 1503 poeta
883 1424 1032 1501 agendum,
1046 1422 1094 1500 qui
1106 1422 1262 1480 Pilumnum
1277 1423 1377 1480 modo'
1439 1432 1442 1437 '

374 1536 468 1582 avem,
485 1515 566 1574 medo
578 1531 718 1593 patentem
744 1515 807 1590 (lib.
821 1513 879 1582 IX,
900 1516 948 1588 4),
966 1512 1050 1570 etiarn
1063 1512 1178 1569 abavum
1192 1512 1281 1570 Turni
1292 1510 1361 1572 facit

375 1604 430 1678 (Χ,
443 1611 499 1684 619
519 1605 697 1684 Pilumnusque
717 1605 757 1661 illi
773 1622 877 1683 quartus
886 1608 999 1680 pater);
1020 1601 1108 1658 utitur
1121 1600 1193 1658 enim
1206 1602 1362 1660 communi-

375 1692 423 1752 bus
435 1694 579 1754 vocabulis
588 1695 719 1772 parentis,
739 1693 795 1760 avi,
816 1694 912 1751 latiore
924 1691 1009 1749 sensu.
1049 1691 1149 1750 Valere
1162 1706 1252 1749 autem
1264 1708 1291 1747 ee
1305 1692 1358 1749 hoc

376 1802 473 1844 nomen
485 1785 522 1842 ad
536 1784 703 1862 dignitatem
723 1783 827 1861 generis
847 1782 998 1861 augendam
1016 1780 1106 1839 debet.
1149 1779 1212 1837 Fuit
1224 1780 1296 1838 eninr
1312 1781 1361 1839 Pi·
1414 1858 1418 1865 Ι

377 1873 481 1932 lemnus
494 1893 596 1931 nornen
609 1873 655 1930 dei
669 1872 814 1950 Indigetis,
834 1892 913 1950 quern
928 1871 1000 1928 varie
1014 1869 1222 1946 interpretantur
1245 1886 1360 1940 veteres,

377 1964 456 2020 modo
467 1963 517 2040 qui
531 1983 596 2020 curn
612 1961 746 2019 Picumno
760 1961 829 2019 imer
841 1963 905 2018 deos
918 1959 1073 2037 conjugales
1085 1958 1128 2025 stt,
1141 1973 1221 2036 atque
1235 1958 1359 2019 infantia

377 2051 442 2109 mala
455 2052 604 2129 propellat,
618 2051 703 2109 modo
712 2051 760 2128 qui
778 2070 794 2107 e
808 2052 862 2109 diis
874 2050 1018 2129 agrestibus
1033 2048 1077 2117 fit,
1091 2047 1148 2124 pilo
1160 2048 1271 2105 inuento
1284 2047 1360 2106 rulli-

376 2141 412 2198 εἰς
424 2156 527 2218 gratur,
546 2140 622 2196 idem
635 2139 684 2217 qui
698 2139 869 2202 Stercutius:
897 2140 973 2197 conf.
993 2138 1067 2195 Serv.
1084 2137 1119 2193 ad
1138 2136 1186 2194 lib.
1206 2137 1264 2205 IX,
1287 2159 1315 2213 3.
1327 2160 1358 2214 4,

375 2232 422 2291 lib.
436 2231 479 2298 X,
502 2232 551 2310 76,
580 2245 608 2288 et
629 2231 706 2289 Non.
727 2230 818 2290 Marc.
837 2231 910 2300 XII,
939 2230 985 2307 36.
1026 2227 1130 2305 Arguit
1155 2228 1212 2286 haec
1236 2229 1291 2307 ipsa
1313 2230 1361 2287 in-

376 2321 574 2401 terpretationis
595 2320 734 2378 diversitas
756 2321 911 2378 vetustatem
936 2317 1085 2395 religionis.
1128 2319 1180 2376 Per
1203 2319 1358 2380 Pilumnum

376 2427 462 2470 autem
473 2430 559 2489 genus
569 2409 646 2468 suum
657 2411 769 2467 Turnus
778 2411 812 2466 ad
823 2409 893 2488 ipsos
906 2410 970 2467 deos
983 2406 1122 2464 Saturnios
1132 2408 1203 2465 etad
1215 2408 1359 2486 ipsrmJu.

375 2518 481 2558 nonem·
496 2500 596 2558 referre
619 2499 728 2567 debuit,
747 2499 806 2566 etfi,
827 2520 879 2576 qua
901 2500 1006 2557 ratione
1028 2497 1057 2554 id
1077 2496 1188 2564 sanum,
1215 2499 1358 2559 obscurum

374 2588 420 2658 fir;
442 2609 506 2647 nam
517 2589 592 2663 Juno
605 2589 655 2647 lib.
672 2588 713 2655 X,
726 2593 781 2649 618
796 2589 847 2646 Ille
859 2607 943 2647 tamen
955 2591 1036 2664 nostra
1047 2589 1142 2648 deducit
1152 2599 1246 2668 origine
1259 2616 1356 2662 numen,

373 2680 550 2758 Pilumnusque
559 2683 606 2758 ipfi
615 2696 720 2759 quartus
729 2696 812 2756 pater.
834 2680 875 2737 Ut
885 2679 1060 2736 obscuritates
1073 2678 1151 2755 hujus
1163 2681 1249 2758 stirpis
1260 2683 1361 2751 tollan-¹

375 2782 434 2836 uer,
459 2787 510 2848 age
518 2788 685 2848 apponamus
697 2769 785 2847 ipsum
795 2771 903 2828 stemma
915 2789 931 2826 e
944 2767 1068 2847 Virgilio
1080 2768 1270 2830 adumbratum

566 2856 699 2914 Saturnus
779 2866 784 2882 '
1104 2857 1235 2918 Saturnus

560 3009 703 3069 Pilumnus
991 3057 994 3065 .
1124 3014 1206 3073 Picus

385 3087 889 3246 r———lss——ff
1106 3091 1361 3242 uaniusmmca

416 3245 526 3302 Venilia
733 3245 834 3301 Amata
1111 3311 1114 3318 y
1159 3247 1167 3335 j

377 3339 456 3400 euptr
469 3322 569 3379 Dauno
684 3338 767 3399 nupta
783 3321 883 3379 Latino
1102 3319 1362 3397 Latmustmata‘

467 3399 474 3478 Ι
1232 3404 1239 3490 l

412 3477 521 3534 Turnus
1171 3478 1298 3539 Lavrnia.

388 3568 414 3610 et
424 3554 541 3627 Juturna

417 3642 458 3700 De
480 3645 612 3718 Jueuma,
632 3642 723 3700 Turni
737 3642 837 3709 sorore,
850 3640 982 3721 Nympha
993 3641 1077 3723 Latii,
1091 3643 1168 3721 supra
1179 3645 1292 3703 Excurs.
1313 3646 1359 3706 111

381 3745 445 3789 extr.
465 3731 632 3807 disputatum
642 3731 687 3786 est.

414 3819 469 3877 Etfi
482 3820 568 3897 igitur
581 3820 693 3876 Turnus
706 3818 832 3876 Graecam
847 3817 984 3895 originem
999 3821 1095 3878 referre
1107 3821 1195 3882 videri
1209 3827 1308 3902 potuit,
1321 3847 1359 3887 ex

382 3910 457 3968 utera
477 3928 567 3969 tamen
588 3925 664 3990 parte
684 3909 754 3966 inter
776 3908 890 3966 Latinos
912 3911 1051 3985 populares
1075 3912 1182 3972 habitus
1203 3919 1248 3976 est.
1288 3921 1359 3981 lude

383 3999 497 4057 exclusus
515 4001 553 4056 est
570 3997 704 4074 conjugio
718 3997 840 4054 Lavinia)
853 3998 888 4053 ab
902 3999 1023 4066 oraculo,
1044 4002 1119 4076 quod
1131 4004 1262 4063 advenam
1273 4008 1299 4064 ei
1312 4009 1360 4064 de-

383 4089 527 4155 stinauerat,
540 4088 716 4163 nonaliquem
725 4108 739 4142 e
749 4088 937 4164 popularibus,
951 4087 1000 4143 lib.
1012 4089 1080 4157 Vll,
1095 4095 1141 4167 96.
1164 4093 1194 4151 ln
1207 4096 1248 4152 his
1262 4095 1358 4152 iisdem

386 4180 490 4236 vertitur
498 4177 702 4256 argumentatio
712 4178 817 4234 Amatae
826 4176 852 4231 V
855 4176 895 4244 Il,
909 4177 961 4254 365
973 4177 1031 4254 sqq.
1040 4179 1078 4237 cf.
1092 4179 1161 4238 Not.
1170 4184 1204 4238 ad
1214 4203 1279 4260 599.
1291 4183 1359 4240 600.

415 4265 497 4347 Qod
518 4268 647 4323 Turnum
670 4264 843 4322 Herdonium
862 4267 1007 4341 appellavit
1030 4267 1127 4327 vietor
1141 4272 1177 4326 0.
1194 4271 1233 4327 G.
1250 4272 1286 4326 R.
1312 4291 1321 4326 r
1329 4290 1359 4344 3,

383 4357 463 4429 gravis
482 4356 519 4412 est
537 4352 628 4431 lapsus
652 4372 685 4409 ex
707 4355 904 4428 permutatione
926 4355 1016 4412 Turni
1041 4357 1180 4415 Herdonii
1195 4358 1359 4416 Latinorum

384 4442 517 4520 principis,
541 4461 626 4519 quern
646 4440 795 4517 Tarquinii
815 4443 928 4519 veuperbi
943 4443 1014 4499 fraus
1027 4446 1132 4504 evenit.
1173 4447 1309 4502 Ceterum
1324 4448 1360 4508 de

384 4528 511 4587 Tumoet
525 4530 619 4586 Ardea
633 4529 691 4605 post
711 4529 870 4587 Cluverium
891 4529 948 4605 egit
974 4531 1080 4606 copiose
1106 4532 1225 4609 Vulpius
1243 4535 1270 4590 in
1294 4535 1360 4596 Vet.

383 4618 439 4676 let.
460 4621 540 4679 Torn.
556 4619 597 4688 V,
618 4618 664 4674 sed
682 4618 813 4678 doetrinae
832 4618 1009 4680 subtilitatem
1023 4622 1053 4679 in
1064 4623 1197 4701 plerisque
1216 4625 1358 4697 uendere,

383 4709 480 4788 copiam
493 4709 576 4769 facilc
586 4708 730 4770 concedas.
1127 4774 1128 4778 ,

1151 4798 1359 4872 EXCURSUS
