3475 6234
610 875 693 950 nn
735 874 999 950 cirinum
1044 867 1130 950 vri.
1273 852 1351 976 ἠς

373 1080 471 1148 ltiliae,
495 1095 564 1156 quos
583 1075 704 1156 ejusdem
730 1074 816 1154 llirpis
834 1075 907 1152 quasi
929 1075 1048 1133 surculos
1071 1073 1286 1154 acpropaginot
1310 1085 1359 1130 aut

373 1169 468 1247 populi
482 1167 604 1244 ejusdem
619 1167 845 1245 tribusappelles,
873 1180 927 1222 tam
949 1166 1051 1232 multae,
1073 1179 1101 1221 et
1120 1165 1233 1222 diversae
1243 1163 1356 1241 quidem

375 1255 543 1324 nominibus,
557 1274 587 1313 re
609 1269 699 1311 tamen
714 1255 747 1310 ad
769 1253 841 1310 idern
856 1253 910 1310 sere
923 1255 1072 1319 redeuntes,
1095 1254 1178 1310 essent
1190 1256 1357 1315 narrationes

375 1343 412 1399 de
425 1343 575 1401 austoribus
597 1342 651 1400 suis
670 1361 701 1399 ac
724 1342 821 1419 primis
838 1340 965 1398 heroibus
986 1341 1163 1419 regibusque:
1186 1341 1280 1418 selegit
1293 1346 1357 1420 qui.

374 1431 441 1488 dem
454 1451 486 1488 ex
500 1431 534 1490 iis
545 1438 629 1510 poeta
641 1431 793 1499 nonnullas,
813 1449 879 1508 quas
890 1430 1008 1486 carmine
1020 1429 1128 1487 traslari
1141 1431 1211 1506 posse
1224 1432 1356 1502 videbat3

374 1539 410 1577 eii
428 1540 517 1578 earum
531 1536 622 1578 tamen
643 1521 758 1599 ipsarum
774 1520 865 1578 indole
878 1519 1054 1598 intelligitur,
1074 1534 1174 1595 quanta
1187 1520 1313 1578 cautione
1325 1524 1356 1582 ia

373 1608 409 1666 iis
423 1611 614 1670 transferendis
627 1632 695 1690 opus
709 1611 808 1669 suerit:
831 1631 894 1668 cuin
908 1629 963 1667 non
981 1610 1063 1666 modo
1077 1607 1244 1667 obscuriores
1264 1613 1359 1689 plerae-

372 1718 427 1776 que
443 1702 525 1758 essent
546 1701 688 1780 doslisque
707 1700 774 1757 viris
799 1700 885 1758 multo
908 1700 997 1756 minus
1023 1713 1093 1755 notae
1116 1718 1146 1754 ac
1173 1699 1355 1775 Graecanicas,

375 1807 464 1846 verum
491 1807 519 1849 et
540 1791 646 1849 horridi
667 1791 772 1868 aliquid
794 1802 821 1846 et
843 1789 964 1865 agrestis,
990 1800 1036 1844 aut
1056 1785 1142 1863 jejuni
1165 1790 1356 1870 inconditique

374 1874 512 1948 haberent,
535 1880 610 1959 quod
625 1901 658 1937 ne
672 1878 828 1956 Virgiliana
848 1877 958 1954 quidem
972 1875 1105 1959 elegantia
1129 1876 1163 1933 iis
1185 1879 1287 1957 ubique
1306 1883 1356 1939 al>-

375 1967 484 2044 slergere
504 1970 607 2047 potuit.
648 1970 689 2025 Ex
710 1971 762 2025 huc
783 1987 881 2046 genere
905 1966 984 2023 sunt:
1008 1967 1107 2023 bellum
1127 1965 1196 2024 inter
1212 1968 1356 2032 Laurentes

374 2053 567 2135 Troianosque
577 2078 655 2116 cerva
669 2059 746 2125 caesa,
760 2079 820 2134 quar
831 2055 924 2112 Silviae
935 2057 963 2112 in
973 2056 1002 2110 d<
1008 2054 1080 2112 liciis
1089 2070 1158 2124 erat,
1170 2060 1355 2132 concitatum

374 2143 498 2204 Caeculus
519 2147 635 2205 scintilla
649 2149 682 2202 ab
704 2147 817 2203 Laribus
840 2148 905 2202 soco
927 2143 1057 2220 impositis
1077 2144 1213 2204 desiliente
1234 2170 1248 2203 a
1269 2166 1355 2209 matre

371 2251 519 2312 eoncepnis
543 2236 603 2310 (cui
629 2236 722 2292 similis
748 2235 840 2294 sabula
861 2236 896 2291 de
921 2233 1033 2291 Romuli
1056 2239 1083 2289 el
1104 2232 1184 2292 Remi
1207 2256 1267 2294 ortu
1281 2241 1354 2316 apud

375 2321 510 2383 Plutarch.
536 2326 649 2383 Romul.
674 2346 699 2402 p.
732 2328 765 2382 18
788 2325 825 2382 D.
853 2323 887 2380 E.
907 2321 1059 2392 occurrii);
1080 2322 1180 2389 Cacus,
1200 2325 1354 2404 quiignem

372 2431 419 2470 ore
445 2415 587 2484 vomebat3
625 2432 733 2472 mutatae
756 2415 784 2470 in
813 2413 957 2488 Nymphas
979 2429 1072 2477 naves3
1103 2412 1209 2481 Ocnus,
1233 2415 1356 2477 Mantua

373 2502 517 2570 conditor3
539 2501 660 2560 Camilla
682 2503 769 2559 infans
790 2502 868 2558 hallae
889 2501 1032 2580 illigataet
1047 2516 1118 2556 trans
1140 2521 1245 2561 amnem
1264 2507 1354 2581 jirta;

371 2587 438 2646 strix
451 2591 543 2648 Turni
564 2611 595 2648 os
619 2589 817 2648 circumvolans
841 2604 1009 2663 mortemque
1023 2589 1189 2663 portendens.
1229 2597 1354 2674 Qraefa.

373 2674 445 2734 bulae
464 2698 525 2736 cum
536 2686 627 2758 po'etae
643 2679 739 2736 summi
765 2693 822 2735 arte
835 2693 863 2734 et
876 2676 988 2754 ingenio
1001 2678 1128 2753 expolita
1141 2679 1187 2735 vix
1201 2682 1352 2756 nitescanr3

375 2766 484 2842 prorsus
502 2768 656 2826 ominendae
682 2766 757 2824 suere
770 2766 841 2824 aliae.
883 2763 945 2821 Nec
967 2782 1030 2821 vero
1052 2765 1103 2822 hoc
1125 2767 1221 2824 mirabi
1236 2792 1277 2836 ur,
1303 2777 1353 2851 qui

377 2854 537 2923 meminerit,
556 2855 675 2913 Graeciae
698 2854 795 2912 veteris
808 2853 912 2911 sabulas
932 2852 966 2909 ab
979 2851 1062 2909 initio
1085 2854 1154 2911 sorte
1167 2878 1220 2915 non
1235 2863 1351 2923 minusa

373 2948 483 3024 postica
495 2949 639 3026 elegantia,
654 2947 783 3005 suavitate
797 2962 823 3004 et
836 2945 986 3023 dignitate,
998 2944 1108 3011 alienas,
1121 2967 1219 3026 magno
1233 2954 1352 3028 plurium

372 3038 513 3112 posterum
538 3038 590 3095 fibi
616 3037 733 3097 invicem
760 3035 963 3093 succedentium
988 3035 1075 3092 studio
1101 3036 1176 3096 soille
1200 3044 1351 3119 expolitas,

371 3124 472 3184 Italicis
484 3142 572 3183 autem
588 3126 688 3183 sabulis
701 3126 812 3183 similem
834 3125 970 3182 fortunam
986 3144 1122 3200 nunquam
1136 3132 1288 3211 contigisse,
1310 3140 1351 3198 uri

372 3233 420 3273 noc
438 3216 538 3273 artium
559 3233 693 3273 maturum
715 3218 832 3273 cultum.
873 3214 967 3289 ltaque
983 3212 1011 3268 in
1032 3215 1074 3270 his
1096 3216 1186 3276 videas
1210 3231 1352 3298 nonnulla,

370 3323 475 3380 quaene
497 3305 609 3362 definita
632 3305 744 3381 quidem
767 3319 794 3359 et
814 3302 959 3359 constituta
987 3301 1048 3358 satis
1070 3304 1140 3374 suut,
1168 3326 1197 3366 ut
1218 3317 1352 3375 rii-sibura

372 3392 495 3459 deorum,
509 3415 569 3471 quae
578 3395 649 3470 apud
663 3392 776 3448 Graecos
788 3390 925 3448 artificum
936 3411 1017 3468 opera
1030 3398 1137 3472 egregie
1151 3399 1210 3457 sunt
1223 3403 1351 3483 disposita

371 3497 398 3538 et
408 3482 554 3558 descripta.
592 3480 660 3538 Inde
673 3482 773 3538 saslum
788 3479 919 3547 arbitror,
935 3497 963 3535 ut
977 3480 1043 3546 salx,
1054 3489 1234 3558 quaeb'aturno
1244 3479 1361 3573 proprie'

374 3585 428 3628 erit
446 3571 603 3635 tribuenda,
622 3569 724 3628 Sabino
747 3572 850 3645 adjecta
866 3570 895 3626 sit
908 3569 959 3626 lib.
979 3568 1048 3633 Vll.
1073 3581 1135 3648 ¹7⁸·
1162 3595 1213 3653 ¹79
1231 3597 1353 3663 paterque

372 3663 477 3720 Sabinus
502 3663 630 3736 Vitffator,
656 3684 763 3717 cirrium
778 3665 892 3733 servans
910 3658 961 3733 sub
987 3669 1095 3738 imagine
1110 3666 1217 3738 falcem.
1258 3670 1353 3736 Clavin

373 3751 511 3827 proprium
525 3752 561 3805 cll
575 3749 679 3825 insigne
698 3748 770 3822 Jarri.
812 3750 851 3802 At
873 3747 945 3824 apud
969 3745 1072 3803 Festum
1096 3751 1123 3805 in
1145 3754 1270 3813 Claudere
1288 3759 1353 3821 Por.

374 3855 479 3896 tumnus
492 3837 592 3895 clavim
607 3857 687 3894 manu
709 3854 797 3893 tencre
810 3835 926 3902 dicitur,
947 3850 976 3891 ut
990 3837 1055 3892 deus
1070 3854 1204 3911 portuum.
1245 3846 1309 3926 Qa
1322 3873 1352 3912 η

373 3927 471 3985 adduci
492 3927 521 3983 so
540 3927 624 4003 passus
636 3942 692 3981 erat
706 3924 834 3981 Heinsius
847 3926 882 3979 ad
909 3923 995 3981 Ouid.
1020 3925 1091 3981 Met.
1118 3926 1203 3999 XIV,
1227 3953 1294 4012 334,
1319 3953 1351 3997 ut

375 4014 471 4090 Janum
486 4015 605 4090 aliquem
622 4014 796 4070 Portumnurn
811 4013 859 4069 fibi
873 4013 996 4088 fingeret.

410 4105 479 4161 Haec
497 4124 561 4162 cum
577 4103 616 4159 ita
635 4103 662 4160 se
676 4103 814 4168 haberent,
828 4101 981 4177 deligendae
994 4101 1068 4159 suere
1082 4103 1194 4166 Maroni
1206 4109 1305 4169 sabulae
1316 4134 1351 4173 ex

374 4197 463 4253 multis
475 4215 580 4274 paucze,
601 4213 692 4270 eaeque
705 4214 759 4250 non
774 4196 858 4250 inodo
871 4193 950 4252 succo
964 4212 989 4250 et
1003 4195 1142 4272 sanguine,
1161 4222 1253 4259 verum
1267 4206 1351 4265 etiarn

374 4283 464 4359 habitu
487 4305 518 4342 ac
540 4283 641 4360 specie,
666 4298 694 4339 ut
709 4285 745 4339 ita
766 4285 869 4347 dicam.
894 4284 1062 4343 Graecanicae
1083 4288 1179 4345 sauulae
1202 4293 1353 4354 vestienda.

375 4375 435 4452 Qio
461 4375 519 4451 ipso
541 4391 571 4431 et
595 4374 726 4430 novitatis
748 4375 822 4430 aliud
847 4395 932 4451 genus
952 4374 1132 4450 consequutus
1153 4381 1188 4434 eli
1209 4387 1300 4455 poeta,
1325 4400 1353 4443 et

376 4465 509 4540 permixtis
523 4466 597 4522 inter
609 4462 636 4522 se
660 4464 824 4541 illigatisque
846 4464 945 4522 sabulis
968 4464 1074 4521 Graeczs
1100 4467 1256 4545 Italicisque
1276 4493 1357 4532 orna.

375 4570 460 4611 menta
480 4553 577 4612 habuit
600 4552 630 4609 iii
651 4569 759 4630 promtu
778 4575 839 4630 quae
859 4576 908 4630 pro
922 4554 1009 4611 lubitu
1032 4570 1078 4608 aut
1099 4557 1355 4622 consilioadhbera

373 4645 459 4723 posset.
498 4642 667 4722 Originibus
680 4659 769 4704 autem
783 4645 946 4722 populorum
959 4659 986 4701 et
999 4643 1108 4703 urbium
1121 4645 1235 4708 ltaliaea
1249 4651 1354 4712 Graecir

1222 4745 1353 4820 reperitis,
