3475 6234
745 1428 874 1528 136
1233 1427 1999 1506 EXCURSUS
2080 1427 2183 1503 IV

741 1629 1046 1710 significata
1072 1628 1237 1695 VIII,
1280 1631 1344 1686 81
1394 1626 1545 1703 seqq.
1577 1627 1705 1684 Ecce
1745 1642 1911 1685 autem
1946 1624 2175 1704 subitum
2212 1640 2324 1687 ete.
2404 1627 2561 1687 Albae
2588 1638 2688 1688 ex-

741 1721 1085 1780 struCtiouem
1104 1720 1221 1794 jam
1245 1715 1465 1793 Jupiter
1502 1714 1715 1775 Veneri
1754 1716 2090 1793 praedixerat
2133 1715 2263 1776 AEn.
2290 1717 2343 1785 1,
2386 1722 2682 1795 267—271

744 1812 819 1867 At
830 1826 956 1886 puer
981 1812 1349 1883 Afranius—et
1374 1802 1571 1884 longam
1597 1802 1760 1862 multa
1783 1810 1854 1862 vi
1885 1811 2073 1863 mmtiet
2099 1806 2314 1865 Albam.
2364 1805 2534 1865 Urbis
2557 1825 2691 1866 eon-

740 1897 871 1955 ditae
893 1897 1058 1954 etiam
1076 1894 1184 1952 alio
1202 1893 1327 1951 loeo
1345 1891 1601 1952 meminit
1627 1895 1794 1968 poeta
1821 1891 1920 1950 lib.
1946 1894 2025 1959 V,
2046 1913 2156 1973 597
2186 1897 2457 1972 Asi-anius,
2492 1895 2689 1975 longam

746 1992 901 2046 muris
926 2009 1031 2043 cum
1045 1990 1265 2058 cingeret
1290 1979 1498 2040 Albam.
1583 1982 1677 2040 Ab
1706 1981 1841 2039 urbe
1866 2001 2063 2041 nomen
2099 1985 2317 2063 accepit
2363 2008 2499 2043 mons
2524 1982 2693 2043 Alba-

745 2101 853 2134 nus.
931 2073 1038 2130 Sed
1059 2072 1156 2129 illo
1174 2086 1448 2149 tempore,
1489 2090 1603 2148 quo
1628 2073 1836 2132 AEneas
1863 2070 2088 2130 Latium
2115 2072 2349 2141 adierat,
2390 2071 2526 2131 Tum
2549 2093 2697 2153 neque

746 2188 909 2224 nomen
934 2180 1050 2221 erat
1073 2184 1227 2239 neque
1252 2162 1399 2220 honos
1423 2178 1517 2220 aut
1534 2160 1709 2240 gloria
1748 2167 1923 2226 monti,
1966 2159 2102 2229 XII,
2136 2180 2158 2220 ι
2178 2183 2272 2242 25·
2354 2163 2472 2222 Sub
2515 2176 2705 2221 monte

744 2254 879 2313 lacus
899 2251 1130 2310 Albanus
1148 2272 1168 2307 .·
1209 2249 1283 2308 de
1303 2269 1416 2329 quo
1438 2250 1537 2311 lib.
1560 2250 1670 2319 IX,
1716 2255 1825 2330 387
1867 2250 2029 2318 lacus,
2067 2257 2155 2331 qui
2171 2256 2278 2330 pefi
2316 2252 2474 2311 Albae
2499 2253 2573 2311 de
2602 2270 2701 2313 no-

744 2351 873 2403 mine
896 2349 1023 2402 diei
1047 2340 1263 2425 Albam}
2693 2355 2703 2371 '

1289 2500 2172 2565 EXCURSUS.IV.

757 2634 1001 2703 Veteris
1027 2635 1240 2704 Ilaliae
1281 2636 1569 2728 origines,
1607 2634 1834 2729 populi
1874 2649 1939 2706 et
1971 2636 2224 2729 fabulae
2255 2662 2330 2707 ac
2353 2640 2705 2733 religiones,

829 2769 969 2835 VII,
1014 2791 1082 2847 37
1114 2769 1231 2848 sqq.
1272 2772 1421 2829 Nunc
1437 2793 1554 2853 age,
1592 2776 1679 2847 qui
1701 2792 1866 2848 reges,
1905 2771 2092 2839 Erato,
2131 2795 2245 2853 quae
2264 2784 2489 2849 tempora
2515 2797 2704 2842 rerum,

751 2861 887 2936 Qis
913 2861 1065 2918 Latio
1089 2866 1296 2938 antiquo
1302 2866 1479 2939 fuerit
1485 2865 1661 2939 status
1686 2874 1796 2918 ete.

836 2951 1084 3009 Primum
1107 2950 1504 3009 observandum
1533 2951 1628 3019 est,
1665 2949 1975 3029 Virgilium
2005 2948 2155 3008 Latii
2183 2969 2268 3008 res
2292 2971 2404 3009 non
2428 2949 2705 3029 persequi,

756 3041 856 3099 nist
885 3056 1149 3117 quatenus
1179 3040 1247 3097 ad
1278 3040 1613 3117 Aborigines
1629 3039 1893 3118 speetant,
1933 3039 2183 3113 adeoque
2225 3058 2416 3098 eorum
2460 3040 2705 3119 origines

755 3150 859 3206 pro
908 3148 1087 3187 rerum
1133 3129 1191 3186 in
1242 3130 1326 3187 his
1376 3131 1511 3189 loeis
1550 3127 1721 3188 initiis
1745 3148 1991 3207 ponere3
2034 3129 2150 3197 etfi,
2193 3145 2317 3186 ante
2345 3128 2706 3207 Aborigines,

760 3221 975 3278 Siculos
1017 3218 1217 3296 partim
1239 3219 1404 3277 etiam
1426 3220 1693 3287 Umbros,
1730 3219 1790 3279 in
1811 3220 1898 3278 his
1918 3219 2054 3280 locis
2074 3219 2226 3277 fuiss‘e
2252 3220 2482 3278 constat.
2567 3222 2702 3279 Por·

759 3334 823 3370 m
851 3310 1163 3374 tenendum,
1211 3310 1379 3366 &bosi
1422 3310 1540 3376 ines
1571 3313 1692 3374 hm,
1736 3310 1848 3374 feu.
1935 3310 2036 3366 uod
2068 3310 2396 3374 videbimm,
2444 3310 2712 3374 Ausones,
