3475 6234
577 845 800 929 aucuns,
825 847 851 961 1¹
876 847 950 921 au
977 845 1072 921 nra.
1097 848 1185 926 vu,
1293 824 1368 943 ἰη

386 1141 1365 1197 πει-ΞΜ

668 1381 1078 1465 axcunsusc

620 1581 678 1653 De
694 1581 805 1653 Caieta
821 1579 977 1673 etlrffula
996 1580 1114 1653 Circes.

378 1707 486 1840 Lae.
507 1773 579 1843 Vll,
610 1794 635 1834 r.
665 1794 682 1834 2
723 1774 765 1834 Tu
786 1797 878 1853 quoque
899 1772 1024 1832 littoribus
1044 1775 1139 1850 rosiris,
1163 1776 1259 1834 AEner'a
1275 1737 1388 1836 naida!

378 1862 511 1923 Bm
535 1873 639 1921 moriens
653 1869 771 1942 sarnam,
794 1863 902 1929 Caieta,
932 1863 1093 1939 dedfii-to
1119 1863 1241 1923 Proxima
1255 1866 1366 1927 Circaeae

380 1952 502 2011 radatur
511 1953 603 2012 littora
614 1969 691 2010 terre
713 1968 767 2011 etc.
807 1951 881 2007 Cum
896 1949 1047 2026 Virgiliani
1059 1952 1188 2010 carminis
1200 1953 1377 2030 praestantia,

378 2037 453 2096 etiam
476 2039 647 2099 inventionis
667 2041 736 2109 laur,
762 2038 890 2116 inprimis
902 2038 933 2096 in
944 2039 1076 2097 doflrinae
1094 2040 1173 2118 copia
1185 2054 1213 2099 et
1233 2041 1365 2102 sermonis

376 2127 477 2204 poetici
497 2144 595 2187 onata
609 2127 752 2205 spectanda
766 2127 797 2184 lit
811 2147 819 2184 z
853 2147 904 2184 noc
928 2144 1017 2204 operae
1029 2127 1148 2205 pretium
1160 2128 1190 2186 in
1206 2129 1262 2188 hoc
1276 2129 1367 2190 lacere

376 2231 512 2293 pommus,
524 2218 602 2296 quod
614 2218 763 2296 legentium
776 2216 884 2276 animoa
900 2218 934 2274 ad
953 2217 1011 2274 hacc
1024 2218 1191 2294 potiffimum
1204 2222 1261 2279 duo
1272 2219 1364 2296 capita

376 2306 404 2365 in
416 2306 642 2386 interpretatione
655 2309 743 2365 nostra
756 2306 897 2364 advertere
909 2306 1054 2366 studemus.
1095 2306 1260 2386 Expessatur
1272 2308 1364 2386 itaque

376 2395 493 2464 anobie,
519 2395 593 2454 utin
606 2395 649 2452 his
660 2414 769 2473 quoque
781 2394 970 2472 posterioribus
984 2393 1028 2451 sex
1042 2393 1119 2452 libris
1132 2394 1161 2452 in
1173 2395 1270 2455 iisdem
1284 2397 1363 2455 rcbua

376 2485 538 2543 illustrandis
562 2484 726 2563 praecipuam
750 2483 868 2561 aliquam
889 2503 999 2561 opernm
1013 2483 1193 2543 collocemus:
1225 2486 1309 2564 idque
1328 2506 1363 2548 eo

375 2575 471 2654 magia,
482 2595 539 2652 quo
549 2594 651 2632 norum
665 2574 818 2632 fabularum
831 2594 928 2652 genus,
950 2573 1036 2630 Italia:
1053 2573 1242 2640 domesticum.
1263 2597 1361 2655 parum

374 2682 391 2720 a
402 2663 536 2742 plerisque
547 2663 714 2741 perspectum
725 2679 753 2720 et
766 2677 829 2720 cum
842 2663 955 2721 Gracia.
963 2662 1065 2738 mythis
1078 2665 1226 2744 invulgati
1239 2666 1361 2744 antiqui·

331 2759 335 2766 '
376 2753 441 2811 tatia
459 2753 579 2811 doflrina
596 2752 753 2821 confusum,
780 2752 857 2810 iniis
876 2753 1013 2815 iaciatur.
1054 2750 1102 2808 Ne
1120 2774 1185 2812 vero
1209 2757 1360 2833 legentium

378 2841 484 2900 animoa
494 2843 637 2921 mulosque
649 2842 824 2901 distineamus
837 2862 868 2900 ac
882 2842 1085 2919 distringamuc,
1109 2845 1214 2919 rejeciia
1225 2847 1260 2903 ad
1274 2845 1360 2905 libro-

376 2950 436 2990 rum
449 2934 548 2990 calcem
560 2931 791 3010 disputationibus
803 2930 1014 3010 exspatiabimur
1033 2930 1168 2991 interdum
1188 2950 1215 2990 er
1227 2937 1359 2998 nonnulla

374 3020 540 3078 excutiemus
560 3019 721 3083 accuratius.
762 3018 876 3077 Facient
890 3021 947 3076 haec
962 3019 1017 3097 ipsa
1031 3019 1195 3078 diverticula
1212 3023 1246 3080 ad
1269 3043 1358 3082 recre-

372 3110 469 3168 andum
489 3109 611 3167 animum
633 3128 668 3166 ex
690 3109 892 3166 commentandi
915 3124 942 3165 et
962 3107 1043 3164 variae
1064 3110 1188 3168 leciionis
1212 3115 1356 3172 cantanda

374 3199 462 3269 tedio,
475 3200 550 3277 quod
563 3198 675 3274 quidem
685 3217 890 3276 nonnunquam,
911 3200 1051 3276 quomodo
1064 3200 1279 3277 reprimeremus,
1304 3202 1355 3267 rix

374 3287 649 3347 habereridebamur.

408 3380 509 3436 Cm‘etae
535 3376 695 3434 memoriam
708 3395 763 3433 non
782 3374 911 3454 praeteriit
925 3384 1017 3456 posita,
1041 3379 1261 3457 quandoquidem
1282 3383 1357 3444 inter

374 3465 471 3524 fabular
484 3478 587 3520 veteres
600 3463 634 3519 de
647 3464 741 3521 AEncae
751 3463 887 3521 erroribus
900 3485 930 3522 ea
943 3468 1114 3535 occurrebat,
1127 3489 1279 3551 nomenque
1289 3493 1353 3551 pro·

374 3557 500 3616 montorii
516 3553 663 3632 portusque
676 3571 703 3612 et
724 3556 795 3613 urbis
809 3556 837 3612 in
861 3556 934 3614 Latii
948 3574 975 3614 et
988 3559 1146 3636 Campaniae
1159 3562 1255 3621 finibus
1268 3567 1304 3622 ab
1320 3586 1354 3626 ea

372 3645 477 3706 ductum
491 3645 576 3720 vulgo
591 3643 741 3702 serebatur:
763 3661 793 3702 ut
814 3650 919 3702 taceam
942 3646 1058 3706 Formiia
1077 3652 1154 3706 aedcnr
1179 3653 1303 3728 Apollinei
1321 3679 1354 3717 ac

375 3734 473 3794 Carere
498 3755 514 3789 a
536 3732 620 3789 Livio
643 3733 710 3801 XL,
732 3756 747 3793 z
771 3754 1026 3794 commemoratam:
1062 3759 1088 3795 v.
1113 3737 1226 3816 Dionys.
1249 3743 1276 3812 Ι,
1304 3766 1351 3823 53.

373 3821 465 3885 Strabo
489 3824 545 3890 VI,
569 3843 597 3902 p.
622 3844 688 3899 330.
721 3825 821 3883 Victor
842 3826 879 3884 O.
903 3825 943 3885 G.
972 3828 1008 3887 R.
1040 3850 1084 3887 ιο.
1118 3831 1300 3894 AddeSolin.
1323 3843 1354 3900 8.

374 3913 413 3972 Ex
425 3915 526 3994 quibus
539 3912 608 3969 locis
625 3933 734 3990 quoque
747 3913 889 3982 discimus,
913 3935 929 3972 a
941 3932 1059 3973 cremata
1072 3917 1257 3993 Trojanor'um
1274 3925 1353 3983 classe

376 4008 436 4081 (ἂτδ
461 4013 496 4063 τῦ
519 4005 607 4074 mlier)
629 4003 783 4071 nonnullos,
807 4002 942 4062 Caesarem
966 4005 1090 4082 inprimis
1101 4023 1128 4063 et
1148 4008 1354 4089 Sempronium,

372 4110 498 4173 nugantes
509 4093 559 4150 suo
573 4111 648 4165 more
662 4089 691 4148 in
705 4092 848 4150 nominum
859 4093 1025 4171 originibus,
1039 4116 1137 4154 nomen
1152 4102 1290 4175 repetiisse.
1311 4102 1353 4162 cf.

371 4183 403 4240 a
415 4184 463 4242 m.
479 4182 508 4237 v
519 4180 635 4239 accurs.
651 4179 705 4249 vr,
717 4197 744 4238 a
756 4181 875 4239 ceruam
887 4184 922 4240 aa
933 4184 982 4240 nn.
998 4183 1067 4252 uu,
1083 4208 1109 4244 2.
1150 4178 1367 4268 vanequoqn'

371 4274 505 4331 uideam
517 4270 569 4328 effe
581 4270 702 4330 fabulam
712 4291 745 4328 ex
755 4291 788 4329 eo
802 4288 922 4350 apparet,
942 4276 1015 4351 quod
1028 4277 1075 4335 alii
1085 4276 1188 4346 AEneae,
1201 4279 1250 4335 alii
1264 4280 1353 4337 Creu-

370 4361 411 4428 ἢ.
432 4361 479 4420 alii
497 4357 613 4417 Ascanii
628 4360 761 4418 nutricem
774 4360 903 4421 Caietam
925 4363 1077 4423 ediderant.
1117 4365 1243 4425 Nutricis
1265 4376 1355 4430 autem

372 4450 495 4509 inpetere
504 4447 564 4508 vita
578 4464 609 4508 ut
618 4450 768 4508 educandis
781 4452 870 4530 pueris
882 4455 1019 4532 precipua
1030 4474 1123 4533 opera,
1137 4455 1176 4514 ita
1190 4473 1355 4534 magnaetat

372 4540 526 4612 merentia,
550 4556 581 4599 ut
596 4540 730 4619 parentali
751 4541 851 4618 pietate
863 4543 1006 4601 coleretur.
1048 4544 1104 4602 Res
1118 4545 1241 4624 inprimis
1254 4546 1283 4605 in
1298 4564 1354 4608 tra.

371 4630 438 4717 picit
449 4630 540 4690 obvia.
583 4624 660 4688 Facit
673 4645 763 4688 autem
774 4631 857 4689 etiam
872 4632 917 4688 hic
938 4632 1068 4708 jussorum
1088 4634 1188 4692 nutrici
1203 4636 1353 4712 persolutor

372 4718 963 4811 huamadffiaeapietatemdcclaraadam.
1004 4721 1352 4806 liacetfimiliacogitare
1420 4739 1424 4749 “

1272 4818 1352 4893 aba

1449 4842 1463 4873 Ο

1411 4900 1501 5024 Ι
