3475 6234
747 1406 885 1479 222
1317 1394 2071 1479 EXCURSUS
2150 1402 2191 1479 Ι
2276 1386 2315 1421 “’

749 1598 917 1660 debet
941 1600 1011 1670 is,
1059 1600 1151 1660 cui
1177 1600 1290 1661 haec
1315 1600 1530 1661 Caieta
1553 1604 1876 1663 memoratio
1900 1604 2067 1665 nimis
2090 1603 2313 1665 videtur
2332 1606 2435 1667 dre
2456 1609 2637 1669 tenuis
2654 1620 2717 1677 et

747 1690 910 1767 epico
944 1690 1137 1769 spiritu
1165 1691 1412 1770 indigna.
1487 1690 1618 1751 Hoc
1647 1708 1831 1751 tamen
1858 1714 2041 1755 verum
2078 1695 2180 1764 est,
2229 1696 2347 1774 post
2388 1694 2611 1757 fimilem
2640 1684 2717 1755 δὲ

745 1776 972 1838 Miseno
996 1794 1052 1839 et
1081 1780 1335 1839 Palinuro
1357 1780 1726 1844 narrationem
1748 1783 2049 1841 novitatem
2072 1782 2203 1841 huic
2231 1783 2445 1844 Caietae
2470 1805 2715 1845 comme-

749 1871 1046 1929 morationi
1073 1871 1257 1931 deesse.
1340 1871 1466 1931 Nec
1486 1872 1593 1929 hoc
1621 1890 1735 1930 non
1762 1870 1965 1932 senfiss'e
1988 1872 2165 1933 videri
2190 1875 2361 1951 potest
2382 1880 2571 1953 poeta,
2614 1869 2715 1953 qui

747 1959 974 2019 ssmilem
989 1959 1148 2017 aliam
1175 1960 1245 2017 de
1270 1960 1440 2039 Baja,
1479 1958 1686 2018 Euxini
1713 1972 1905 2026 matre,
1922 1958 2163 2018 fabulam
2192 1958 2415 2033 (vietor
2436 1960 2513 2022 O.
2534 1962 2617 2021 G.
2636 1960 2715 2021 R·

757 2053 851 2119 10)
879 2068 986 2107 non
1012 2047 1235 2126 attigit:
1277 2068 1378 2107 nee
1423 2048 1703 2121 Leuc-fiam
1727 2045 1957 2107 insulam
1980 2046 2040 2106 in
2066 2048 2181 2107 iinu
2208 2048 2445 2107 Paestano
2468 2069 2499 2108 a
2524 2048 2715 2109 conso-

748 2137 906 2195 brina
931 2138 1122 2197 AEneae
1145 2149 1241 2194 aut
1269 2134 1568 2215 Proclytam
1589 2133 1666 2195 ab
1679 2136 1796 2212 ejus
1818 2152 2053 2213 cognata
2073 2134 2157 2193 ibi
2181 2136 2385 2213 sepulta
2439 2144 2517 2213 (v.
2572 2136 2719 2195 Dio-

747 2226 866 2302 nys.
908 2226 960 2293 1,
1011 2248 1041 2304 ς
1049 2225 1112 2300 3)
1179 2225 1498 2305 appellatam
1549 2242 1849 2283 memorare
1895 2224 2093 2285 voluit.
2170 2226 2293 2285 Nec
2341 2225 2449 2284 fine
2492 2224 2717 2303 judicio

743 2315 928 2373 videri
945 2315 1110 2374 debet
1134 2314 1362 2373 omisxss'e
1385 2314 1493 2373 alia
1509 2332 1749 2373 errorum
1768 2314 1957 2373 AEneae
1972 2313 2031 2373 in
2050 2314 2136 2375 his
2151 2314 2291 2375 locis
2304 2315 2525 2395 vestigia
2546 2317 2717 2395 vulgo

746 2405 976 2474 credita,
1003 2425 1137 2482 ,quae
1161 2404 1382 2482 poetica
1415 2418 1528 2462 ane
1549 2402 1769 2463 traehri
1794 2401 1891 2463 vix
1916 2418 2186 2483 pom-ant,
2230 2420 2291 2463 ut
2332 2406 2613 2464 AEnariam
2634 2417 2721 2464 1·ae-

723 2495 906 2571 sulam
930 2518 968 2552 a
997 2498 1216 2571 statione
1251 2502 1471 2552 navium
1492 2494 1696 2554 ,ΕΜ
1731 2490 1936 2551 difflui
1958 2512 2045 2571 ap.
2097 2492 2241 2552 Plin.
2287 2492 2400 2564 III,
2450 2494 2489 2552 6
2512 2492 2556 2553 s.
2618 2512 2717 2555 12·

743 2585 902 2666 Qid
933 2588 956 2643 ἰ
1006 2583 1158 2663 quod
1182 2583 1320 2642 adeo
1341 2583 1414 2665 ud
1433 2582 1740 2642 Sardiniam
1768 2581 2042 2660 Trojano}
2070 2582 2316 2643 nonnulli
2341 2597 2583 2643 veterum
2612 2584 2719 2643 de-

741 2675 1016 2734 duxerant
1043 2698 1062 2745 3
1104 2690 1298 2751 parum
1319 2671 1503 2739 docte,
1551 2686 1707 2748 puto,
1748 2684 1805 2729 et
1838 2690 1908 2729 ex
1947 2670 2088 2730 Iolai
2124 2673 2366 2739 nomine,
2396 2672 2469 2731 de
2493 2692 2605 2751 quo
2632 2686 2717 2733 vot

742 2763 944 2823 fabulae
969 2762 1030 2820 in
1057 2760 1319 2821 Sardinia
1344 2756 1650 2839 originibus
1671 2758 1960 2827 habentur,
1994 2757 2253 2839 opinione
2284 2760 2488 2820 duan:
2552 2762 2713 2825 Paus.

747 2851 836 2922 X,
873 2871 965 2930 17,
990 2872 1046 2930 p.
1079 2854 1187 2929 837
1217 2864 1353 2908 extr.

827 2942 1102 3000 Caeterum
1130 2956 1273 2998 totus
1299 2939 1391 2996 ille
1412 2936 1619 2995 littoris
1644 2938 1844 2995 trassus
1870 2936 2069 2995 sabulis
2096 2936 2288 3015 priscis
2312 2936 2611 2998 inclaruit:
2654 2951 2717 3001 ut

745 3044 903 3090 tanto
951 3030 1122 3106 magis
1172 3034 1338 3104 po'e'ra
1386 3027 1561 3084 noster
1602 3026 1886 3103 decerpere
1930 3026 2001 3083 de
2045 3027 2115 3084 iis
2154 3026 2405 3084 nonnihil
2455 3030 2717 3105 potuerit.

745 3120 884 3178 Non
914 3120 1074 3196 longe
1100 3137 1132 3173 a
1161 3117 1350 3175 Caieta
1377 3116 1599 3172 aberant
1639 3112 1892 3180 Formiae,
1919 3113 2324 3191 Laestrygonum
2348 3114 2588 3176 ferorum
2614 3119 2719 3177 ho·

747 3208 984 3276 minum,
1033 3205 1129 3283 qui
1171 3223 1336 3263 carne
1379 3206 1614 3261 humana
1655 3201 1799 3259 vesci
1852 3202 2118 3275 solebant,
2168 3206 2315 3265 sedes
2351 3206 2422 3265 ab
2463 3205 2719 3267 Homero

744 3296 1080 3356 nobilitatae:
1127 3296 1269 3351 unde
1307 3293 1446 3351 adeo
1493 3291 1632 3349 Silio
1687 3291 1857 3358 VIII,
1918 3312 2018 3370 531
2068 3312 2285 3373 regnata
2322 3296 2481 3355 Lamo
2520 3298 2717 3357 Caieta
